2784 4917
230 400 273 465 so
534 404 574 469 n.
598 380 729 468 suan
751 400 1021 467 suvnnams

228 516 361 585 Haesuri
378 516 461 586 saxis
478 518 631 588 cinerum
647 516 862 601 custodibus,
879 516 922 584 ad
936 540 1010 610 quae

228 624 448 696 Discutienda
460 626 574 696 valent
586 626 709 696 sterilis
722 626 810 695 mala
824 628 946 695 robora
958 624 1061 712 ficus3
1254 636 1305 699 ¹⁴5

229 736 513 832 Quandoquidem
525 739 603 808 data
615 752 696 807 sunt
708 737 788 831 ipsis
801 760 940 833 quoque
955 734 1025 803 fata
1037 734 1211 829 sepulcris.

276 847 437 941 Expende
450 844 674 917 Hannibalem
692 872 700 915 :
723 862 808 941 quot
821 845 923 915 libras
940 846 976 913 in
994 844 1080 915 duoe
1094 870 1232 914 summo

229 956 401 1027 Invenies?
415 960 470 1027 hic
486 974 552 1045 est,
567 983 666 1053 quem
683 983 754 1027 non
772 958 863 1053 capit
877 956 993 1027 Africa
1006 958 1130 1025 Mauro

229 1066 390 1137 Percussa
401 1070 553 1155 Oceano,
567 1068 715 1164 Niloque
728 1067 864 1137 admota
877 1068 1024 1162 tepenti,

228 1176 358 1245 Rursus
371 1176 413 1245 ad
429 1178 628 1273 AEthiopum
643 1177 788 1272 populos
802 1178 953 1272 altosque
969 1174 1180 1271 elephantos

227 1282 373 1355 Additur
389 1286 538 1381 imperiis
553 1288 716 1382 Hispania
731 1313 739 1355 :
756 1290 957 1381 Pyrenaeum
1183 1357 1187 1368 .
1256 1294 1307 1349 150

228 1392 389 1462 Transilit
403 1420 410 1463 :
426 1396 586 1491 opposuit
600 1411 721 1466 natura
733 1394 922 1491 Alpemque
936 1394 1139 1486 nivernque;

229 1501 369 1571 Diducit
382 1504 554 1601 scopulos,
567 1520 601 1575 et
613 1521 764 1575 montem
781 1505 910 1599 rumpit
923 1516 1032 1572 aceto.

228 1612 248 1676 J
250 1634 303 1679 am
318 1626 413 1683 tenet
426 1613 575 1703 Italiam3
591 1631 707 1685 tamen
718 1615 808 1685 ultra
821 1639 966 1711 pergere
979 1612 1098 1682 tendit.

228 1724 367 1810 Actum,
381 1725 506 1820 inquit,
523 1724 608 1795 nihil
622 1742 689 1813 est,
704 1727 771 1796 nisi
789 1730 896 1795 Poeno
909 1723 1016 1793 milite
1028 1736 1147 1815 portas
1256 1735 1304 1789 15⁵

228 1833 443 1926 Frangimus,
458 1850 491 1904 et
505 1836 615 1905 media
628 1834 788 1905 vexillum
799 1859 891 1929 pono
903 1832 1051 1903 Subura.

229 1940 262 2009 Ο
277 1941 384 2035 qualis
398 1944 517 2029 facies,
533 1960 567 2015 et
580 1944 671 2040 quali
686 1944 789 2037 digna
803 1939 940 2026 tabella,

228 2049 344 2138 Quum
358 2052 491 2122 Gaetula
504 2052 626 2122 ducem
643 2068 794 2148 portaret
808 2050 908 2121 belua
922 2044 1071 2119 luscum!

228 2161 347 2229 Exitus
362 2185 442 2256 ergo
457 2163 531 2257 quis
545 2161 617 2231 est?
630 2188 651 2231 o
665 2159 787 2256 gloria!
803 2148 953 2230 iincitur
968 2160 1058 2229 idem

230 2272 384 2366 Nempe,
401 2288 434 2341 et
449 2274 484 2341 in
498 2271 649 2341 exsilium
663 2296 814 2366 praeceps
828 2270 930 2365 fugit,
945 2284 1045 2363 atque
1060 2266 1106 2335 ibi
1124 2290 1274 2360 magnus

230 2380 474 2476 Mirandusque
492 2380 596 2453 cliens
611 2381 707 2451 sedet
720 2381 762 2448 ad
776 2379 933 2474 praetoria
946 2378 1050 2472 regis,
1257 2396 1308 2447 160

228 2580 334 2639 nempe
351 2576 385 2643 ut
402 2564 599 2623 celebraretur
616 2564 747 2640 ipsorum
765 2580 892 2635 nomeu,
907 2570 941 2619 ut
958 2560 1059 2617 titulos
1071 2560 1307 2635 adipiscerentur

229 2656 387 2727 sepulchris
406 2657 468 2715 suis.
478 2654 693 2726 inscribendos,
716 2655 748 2711 in
766 2639 873 2730 quihus
888 2654 999 2710 cineres
1014 2651 1101 2708 urnis
1111 2651 1226 2709 conditi
1242 2670 1308 2708 ser·

229 2756 351 2817 rantum
368 2759 399 2803 et
410 2748 516 2823 quibus
531 2748 709 2822 disjiciendia
725 2749 833 2804 malum
853 2746 946 2803 robur
960 2744 1067 2802 sterilia
1084 2743 1158 2801 licus
1175 2741 1308 2801 suffieit:

230 2854 298 2892 uam
315 2836 348 2891 in
363 2837 424 2912 ipsa
437 2857 554 2914 quoque
565 2840 718 2914 sepulchra
731 2858 811 2895 mors
826 2850 857 2895 et
868 2839 927 2894 lata
934 2837 982 2911 jus
995 2837 1114 2893 habent.

268 2936 332 3001 147.
354 2932 427 3007 Age,
441 2930 551 2987 cineres
567 2930 737 2988 Hannibalis
747 2930 879 3006 pondera
889 2951 897 2986 ε
909 2940 982 3005 quot
992 2929 1081 2985 libras
1091 2929 1222 3004 reliquia
1234 2926 1309 2985 tanti

230 3020 312 3078 ducis
322 3023 471 3096 pendunt?
483 3022 537 3079 llic
549 3024 599 3079 ille
609 3035 664 3093 est,
679 3023 727 3079 cui
738 3022 860 3078 nimium
867 3032 986 3097 angusta
998 3020 1141 3089 mitiora,
1151 3038 1240 3094 quam
1252 3022 1309 3076 late

230 3124 310 3189 patet
321 3114 436 3183 Africa,
451 3115 488 3170 ab
505 3115 686 3172 Mauritania
701 3115 851 3171 littoribus
866 3114 904 3169 ad
919 3114 1019 3170 Nilum
1033 3132 1126 3187 usque
1142 3123 1308 3187 tepentem,

231 3215 261 3262 et
271 3204 339 3261 hinc
347 3205 386 3262 ad
398 3204 553 3280 AEthiopiae
564 3218 700 3281 porrecta
713 3207 848 3281 populos,
858 3204 1031 3279 Indiamque
1041 3203 1094 3259 ubi
1105 3214 1174 3260 sunt
1187 3200 1309 3259 maximi

231 3298 385 3373 elephanti.
404 3300 561 3355 Poenorum
578 3298 703 3373 imperio
723 3298 807 3355 addit
824 3298 990 3373 Hispaniam
1004 3319 1011 3353 :
1023 3301 1178 3374 Pyrenaea
1192 3307 1309 3354 montet

230 3403 362 3467 superat:
376 3390 478 3465 objicit
492 3390 536 3447 illi
549 3401 651 3448 natura
661 3392 750 3468 Alpes
763 3384 880 3449 nivibus
892 3402 1043 3467 coopertas
1056 3403 1084 3450 et
1094 3391 1186 3448 invias
1199 3414 1206 3448 :
1218 3408 1307 3466 rupee

228 3496 309 3541 aceto
318 3485 436 3556 dividit,
446 3484 652 3560 montibusque
663 3485 803 3559 disruptis
811 3484 925 3543 Italiam
933 3496 1065 3560 occupat.
1076 3487 1146 3542 Non
1153 3484 1202 3541 hic
1211 3494 1309 3541 tamen

228 3576 301 3633 sistit
312 3600 318 3633 :
329 3582 450 3649 Parum,
462 3578 572 3654 inquit,
583 3577 801 3653 promovimus,
812 3577 886 3633 nihil
899 3578 1010 3653 egimus
1020 3619 1029 3648 ,
1039 3578 1097 3635 nisi
1114 3580 1215 3635 Romae
1224 3578 1307 3633 fran-

227 3668 321 3745 gimus
331 3682 447 3743 portus,
464 3682 494 3728 et
505 3671 611 3727 Punica
624 3670 730 3726 vexilla
742 3669 773 3725 iu
784 3670 882 3727 medio
891 3670 973 3726 urhis
986 3671 1053 3728 foro
1067 3671 1194 3728 victores
1204 3669 1306 3745 deligi·

228 3778 301 3815 mus.
319 3761 345 3815 0
365 3762 466 3817 faciem
482 3762 682 3836 spectandam!
706 3782 725 3819 ο
746 3762 868 3839 dignum
890 3762 942 3838 qui
961 3763 1133 3839 pingeretur
1152 3761 1305 3819 Annibalis

228 3849 355 3920 coclitis,
369 3853 483 3908 Gaetulo
497 3854 651 3927 elephanto
664 3854 830 3925 insidentis,
844 3855 977 3912 vultum?
990 3857 1058 3926 Quo
1069 3855 1186 3913 demum
1200 3854 1304 3910 evadet

227 3943 274 3999 vir
289 3942 405 3999 tantus?
421 3962 480 4017 quo
497 3944 627 4001 recident
639 3958 685 4003 tot
701 3947 835 4016 consilia,
855 3958 901 4004 tot
916 3946 1026 4021 praelia,
1047 3958 1093 4002 tot
1105 3946 1255 4003 victoriae?
1273 3946 1300 4001 0

226 4038 358 4093 hnmanae
376 4034 476 4111 gloriae
497 4035 669 4093 vanitatem!
685 4040 767 4096 ldem
784 4040 834 4097 ille
854 4040 907 4115 qui
919 4024 1020 4096 Romie
1035 4040 1096 4114 jam
1113 4040 1301 4103 imminebat,

228 4130 366 4205 vincitur,
380 4127 470 4207 fugit,
486 4127 605 4204 pellitur
620 4129 654 4185 in
664 4130 811 4202 exsilium3
824 4143 853 4189 et
867 4132 906 4188 ad
919 4132 1011 4208 regins
1025 4132 1102 4189 fores
1115 4149 1235 4208 maguus
1245 4128 1301 4187 mi-
