2784 4917
264 387 328 474 372
567 381 1076 450 n.tuu11suvttttnt1s

261 499 407 573 saltatus
419 497 518 596 nigro
533 498 691 585 tibicine,
711 495 970 594 qualiacumque

259 613 460 708 Unguenta,
473 625 508 680 et
521 609 640 696 flores,
654 606 888 704 multaquein
904 608 1017 678 fronte
1033 631 1182 697 coronae;
1281 626 1305 675 50

259 725 351 793 Hinc
362 723 520 819 jejunum
535 721 655 792 odium
673 747 682 788 ε
704 719 762 790 sed
777 720 892 816 jurgia
906 719 1015 815 prima
1028 743 1147 790 sonare

257 835 436 930 Incipiunt
448 833 570 904 animis
587 831 805 902 ardentibus:
826 831 899 901 haec
913 829 995 900 tuba
1012 829 1100 900 rixan

259 945 350 1014 Dein
365 943 511 1014 clamore
524 943 598 1038 pari
612 941 842 1028 concurritur,
853 954 888 1010 et
900 940 975 1009 vice
990 935 1047 1008 teli

258 1056 361 1125 Saevit
375 1053 624 1124 nudaxmanusz
642 1075 759 1148 paucae
774 1050 845 1118 sine
858 1045 1000 1118 vulnere
1013 1044 1127 1134 malae3

256 1166 325 1235 vix
339 1165 516 1259 cuiquam,
532 1175 592 1233 aut
604 1159 689 1232 nulli
704 1176 778 1232 toto
793 1158 979 1232 certamine
991 1182 1094 1228 nasus
1287 1169 1316 1221 55

257 1278 420 1371 Integer:
439 1273 628 1370 adspiceres
643 1273 715 1368 jam
735 1285 858 1342 cuncta
875 1295 938 1366 per
956 1269 1092 1364 agmina
1106 1265 1218 1338 vultus

257 1386 440 1471 Dimidios,
460 1385 541 1456 alias
556 1385 681 1472 facies,
697 1398 731 1454 et
749 1382 879 1454 hiantia
894 1379 1003 1475 ruptis

156 1528 158 1535 >
256 1499 340 1567 Ossa
354 1497 463 1594 genis,
477 1495 596 1593 plenos
608 1494 787 1567 oculorum
800 1493 963 1588 sanguine
976 1515 1121 1586 pugnos.

255 1609 391 1681 Ludere
406 1633 442 1678 se
455 1607 600 1680 credunt
613 1607 678 1704 ipsi
690 1621 822 1694 tamen,
840 1618 874 1673 et
889 1599 1037 1698 pueriles

255 1721 425 1789 Exercere
438 1719 541 1805 acies,
557 1718 650 1814 quod
662 1715 757 1787 nulla
771 1715 936 1786 cadavera
949 1711 1090 1784 calcent
1292 1731 1325 1780 s·

164 1825 169 1834 '
255 1832 301 1899 Et
318 1854 399 1899 sane
415 1854 485 1924 quo
501 1841 553 1898 tot
570 1828 709 1897 rixantis
725 1824 831 1896 millia
846 1827 969 1910 turbae,

254 1938 290 2008 Si
306 1941 427 2009 vivunt
439 1937 581 2007 omnes?
596 1961 678 2032 ergo
696 1938 809 2006 acrior
825 1936 989 2029 impetus,
1009 1947 1044 2002 et
1056 1932 1131 2027 jam

257 2050 343 2117 Saxa
361 2045 531 2116 inclinatis
547 2071 610 2141 per
628 2047 773 2114 humum
792 2045 934 2140 quaesita
951 2041 1082 2112 lacertis

256 2158 432 2253 Incipiunt
444 2171 619 2252 torquere,
633 2152 818 2224 domestica
833 2153 989 2224 seditioni

256 2265 356 2354 Tcla;
374 2289 438 2336 nec
452 2265 547 2334 hunc
560 2262 726 2359 lapidem,
741 2260 855 2359 quales
868 2278 902 2333 ct
914 2264 1067 2349 Turnus,
1083 2276 1118 2332 et
1128 2262 1234 2356 Ajax,
1297 2276 1328 2330 65

255 2375 320 2449 Vel
332 2403 402 2472 quo
416 2375 566 2472 Tydides
579 2374 746 2470 percussit
760 2372 913 2468 pondere
931 2396 1052 2444 coxam
1370 2361 1371 2382 ¹

256 2604 351 2674 tibin,
362 2621 451 2678 quam
462 2600 559 2658 fuscus
571 2598 677 2674 aliquis
689 2597 824 2675 AEthiops
838 2597 974 2672 inflabat3
992 2611 1076 2658 erant
1089 2619 1191 2664 omnes
1204 2621 1330 2680 unguen·

256 2697 294 2753 tis
318 2695 578 2770 qualibuscumque
599 2691 726 2748 delibuti
746 2702 776 2749 et
798 2691 921 2750 floribus
944 2693 1044 2750 multis
1067 2693 1161 2769 capita
1182 2695 1310 2752 coronati
1323 2715 1330 2750 :

257 2807 292 2846 ex
306 2797 390 2862 psrtc
400 2804 473 2842 vero
487 2782 706 2860 Tentyritarum
720 2802 822 2842 omnes
837 2785 969 2863 impasti,
983 2797 1014 2844 et
1028 2785 1104 2844 odiis
1118 2785 1261 2846 ardentes.
1275 2788 1331 2844 lni-

256 2881 332 2937 tinm
340 2897 447 2956 pugnae
461 2877 606 2934 ductnma
617 2875 724 2954 jurgiis
736 2887 765 2934 et
776 2880 967 2950 clamoribus,
983 2880 1104 2956 quibus,
1118 2891 1256 2956 tanquam
1268 2881 1331 2938 tutu

256 2973 372 3048 signam
381 2969 471 3028 estad
482 2967 676 3038 conserendas
688 2988 791 3026 manus
800 2971 909 3030 datum.
919 2974 992 3029 Mox
1002 2971 1117 3029 sublato
1125 2972 1194 3028 hinc
1205 2973 1274 3032 inde
1282 2972 1332 3029 cla-

255 3084 339 3122 more
354 3061 595 3139 congrediuntur,
607 3061 700 3117 instar
714 3063 840 3120 telomm
852 3083 968 3141 pugnos
982 3075 1120 3138 exerant,
1138 3067 1246 3142 quibus
1259 3065 1331 3123 invi·

256 3177 320 3216 cem
330 3155 370 3212 ita
380 3156 535 3230 vapulant,
549 3163 584 3210 ut
596 3172 705 3229 paucos
717 3154 819 3212 videre
833 3155 870 3212 sit
883 3175 936 3215 ore
949 3175 1009 3214 non
1022 3158 1176 3215 vulnerato
1189 3179 1197 3216 ε
1211 3157 1263 3215 rix
1276 3155 1330 3216 rri-

257 3267 345 3327 quam
360 3244 574 3316 dirnicantinm,
596 3255 647 3302 ant
663 3245 775 3302 nemini
790 3246 888 3322 potius
902 3258 945 3304 est
958 3265 1044 3305 nasus
1059 3248 1183 3326 integer.
1198 3251 1331 3308 Cerneres

256 3354 321 3400 toto
336 3341 369 3398 in
384 3336 516 3397 exercitu
529 3338 627 3394 vultus
638 3336 821 3408 dimidiatos,
841 3337 927 3396 facies
940 3337 1105 3398 immutatas
1118 3360 1151 3398 ac
1165 3339 1330 3400 deformatas

255 3433 440 3503 vulneribus,
456 3431 569 3489 detecta
584 3429 623 3487 oh
639 3431 830 3488 lacerantum
844 3449 984 3508 genarum
997 3431 1093 3490 hiatus
1107 3452 1189 3506 ossa,
1206 3433 1329 3491 omniun

256 3546 357 3584 manus
379 3523 502 3584 fluentes
524 3541 631 3580 eruore
648 3523 804 3580 oculorum
824 3543 899 3600 quos
918 3523 998 3582 hosti
1019 3523 1197 3582 effoderunt.
1224 3525 1329 3584 Ludum

254 3620 334 3676 bunc
344 3631 440 3674 umen
452 3614 509 3691 ipsi
519 3626 549 3673 et
558 3614 702 3690 puerilem
713 3634 774 3673 esse
785 3627 888 3691 putant
900 3617 1010 3689 rixam,
1021 3617 1104 3694 quod
1117 3618 1245 3676 necdum
1258 3634 1330 3675 mor

255 3724 374 3769 tuorum
384 3728 510 3785 corpora
520 3718 682 3785 proterant
694 3710 737 3765 Ac
751 3729 818 3767 sane
831 3709 904 3786 quid
914 3709 1018 3767 attinet
1030 3720 1076 3767 tot
1084 3711 1238 3770 bominum
1248 3707 1328 3769 millia

254 3802 396 3880 congredi
408 3802 487 3859 bello
502 3811 533 3857 et
545 3800 647 3858 mira
661 3800 739 3858 inter
748 3819 779 3858 se
791 3801 946 3874 hostiliter,
965 3801 1087 3860 sinemo
1100 3803 1200 3879 perire
1211 3795 1328 3862 debeat?

253 3895 416 3971 Maioribus
427 3893 518 3971 igitur
526 3893 629 3951 animis
643 3893 779 3968 odiisque
790 3905 985 3966 concurrunt,
997 3913 1064 3952 saxa
1076 3914 1132 3972 per
1140 3897 1264 3954 humum
1273 3893 1324 3952 col·

253 3991 363 4068 ligant,
377 4006 411 4044 ac
423 3985 551 4043 reductis
563 3985 595 4043 in
608 3986 752 4044 circulum
763 3987 889 4046 brachii·
905 3997 1059 4064 torquent;
1076 4008 1110 4046 ea
1123 3989 1326 4048 santvidelicet

253 4083 355 4140 usitata
371 4078 403 4135 in
417 4074 562 4136 seditione
574 4097 674 4136 arma:
688 4099 751 4137 non
763 4079 875 4137 talesne
886 4089 982 4138 tantos
991 4079 1101 4156 lapides
1110 4091 1224 4152 tamen,
1237 4078 1323 4158 qual&

252 4185 434 4251 quantosque
451 4167 526 4244 Ajax
546 4180 577 4226 et
592 4171 710 4230 'lurnns
728 4169 939 4247 projiciebant,
960 4169 1038 4248 quali
1058 4169 1215 4234 Diomedes
1236 4173 1323 4232 AEneae
