2784 4917
388 369 788 469 ιΜΤΙΒΑᾸΕΟΙΜΑ.
1075 384 1118 453 os

71 480 189 568 Suetus,
207 481 278 551 hiat
289 494 437 569 tantum,
455 508 516 553 oeu
533 480 645 576 pullus
664 486 873 576 hirundinis,
892 490 935 562 ad
951 518 1052 589 quern

72 591 129 661 Ore
140 589 222 685 volat
232 589 333 686 pleno
346 606 454 661 mater
461 592 589 686 jejuna.
604 594 672 663 Sed
690 599 784 664 omni

63 695 282 771 'Membrorurn
294 701 426 771 ‘damno
443 702 552 794 major
564 702 838 804 dementia,*quae
853 733 917 779 nee

72 812 201 879 Nomina
214 836 407 899 servorum,
422 835 487 880 nec
504 809 633 880 vultum
646 817 799 907 agnoscit
809 819 928 908 amici,

72 922 220 1015 Cumque
238 922 409 1019 praeterita
423 922 568 989 coenavit
583 937 702 1011 nocte;
719 948 784 997 neo
800 924 894 1017 ilios,
1073 950 1122 1005 πλε

72 1028 151 1115 Quos
166 1031 297 1124 genuit,
312 1054 398 1124 quos
411 1030 526 1099 eduxit
542 1056 550 1099 :
569 1056 648 1101 narn
662 1033 778 1104 codice
791 1060 881 1106 saevo

12 1222 15 1231 ,
73 1140 198 1209 Heredes
219 1154 310 1209 vetat
322 1124 397 1209 esse
415 1164 508 1227 suos;
530 1140 620 1209 bona
639 1156 709 1211 tota
724 1143 881 1215 feruntur

45 1260 50 1267 '
72 1248 115 1316 Ad
128 1247 258 1317 Phialen
276 1276 284 1318 τ
301 1264 435 1319 tantum
448 1248 586 1319 artificis
601 1249 688 1322 valet
704 1253 827 1325 halitus
845 1256 955 1345 horis,
1071 1331 1077 1336 ,

71 1358 155 1446 Quod
168 1374 304 1429 steterat
319 1359 434 1429 multis
448 1362 483 1429 in
499 1384 633 1431 carcere
645 1361 783 1434 fornicis
795 1364 911 1449 annis!

110 1469 152 1537 Ut
168 1470 302 1564 vigeant
315 1495 432 1539 sensus
443 1472 564 1557 animi,
578 1470 731 1541 ducenda
744 1488 858 1544 tamen
870 1494 949 1547 sunt
1071 1505 1122 1561 240

69 1579 183 1662 Funera
199 1594 376 1665 natorum,
391 1604 492 1673 rogus
505 1580 740 1674 adspiciendus
753 1599 869 1653 amatae

12 1700 13 1717 ¹
69 1688 229 1785 Conjugis,
250 1704 285 1757 et
302 1688 431 1773 fratris,
448 1688 622 1783 plenaeque
638 1692 810 1760 sororibus
823 1717 927 1763 urnae.

49 1798 137 1879 ‚Huc
152 1796 227 1868 data
246 1822 348 1892 poena
364 1798 424 1867 diu
443 1797 650 1884 viventibus,
668 1812 707 1865 ut
724 1816 886 1869 renovata

70 1909 190 2003 Semper
202 1908 296 1979 clade
312 1909 451 1995 domus,
464 1908 579 1977 inultis
593 1909 628 1975 in
645 1906 809 1997 luctibus,
828 1911 932 2007 inque
1042 1934 1049 1940 ·

69 2016 216 2112 Perpetuo
234 2042 399 2105 moerore,
419 2032 453 2087 et
467 2018 563 2112 nigra
576 2032 667 2087 veste
684 2034 867 2090 senescant.
1073 2043 1122 2105 aas

70 2127 130 2195 Rex
141 2126 268 2222 Pylius,
283 2151 406 2222 magno
414 2126 448 2194 'si
463 2126 644 2225 quidquam
659 2128 768 2197 credis
784 2132 950 2217 Homero,

69 2235 249 2331 Exemplum
261 2240 338 2307 vitae
350 2234 447 2305 suita
458 2236 592 2305 cornice
606 2238 771 2307 secundm.

68 2432 294 2505 nnntnrfercula,
307 2434 368 2509 ipse
386 2435 424 2491 ad
443 2451 546 2491 eorum
559 2444 745 2511 conspectum
759 2446 885 2494 assuetus
900 2436 1012 2511 aperire
1022 2431 1119 2509 labra,

67 2522 160 2581 hiatum
177 2527 265 2583 rictus
285 2538 397 2584 tanturn
416 2528 545 2596 diducit,
563 2530 643 2585 velut
661 2528 826 2587 hirundinis
843 2528 956 2603 pullus,
977 2529 1016 2585 ad
1033 2546 1121 2603 quem

67 2619 221 2687 percendum
235 2630 330 2675 mater
340 2620 439 2695 jejuna
455 2638 508 2677 ore
519 2622 606 2695 pleno
616 2621 768 2691 advolans,
786 2639 878 2677 escam
895 2621 926 2675 in
936 2631 1063 2677 roetrum
1074 2632 1119 2677 te-

67 2710 159 2767 nullum
168 2714 283 2789 ingerit.
296 2714 355 2771 Sed
367 2713 444 2783 istis,
462 2713 513 2789 qui
525 2733 630 2790 corpus
643 2726 765 2781 vexant,
781 2714 891 2771 morbis
903 2715 990 2791 longe
999 2716 1117 2793 gravior
1237 2735 1240 2748 ·

67 2804 168 2861 morbus
184 2804 305 2861 infirmae
319 2824 351 2861 ac
364 2825 468 2881 perum
484 2825 558 2863 sanae
574 2806 678 2863 mentis
694 2817 750 2874 est,
762 2824 822 2879 qno
834 2789 881 2875 dt,
898 2817 931 2863 ut
947 2826 1042 2882 neque
1052 2828 1117 2867 ser·

66 2911 152 2953 vorum
165 2899 283 2955 nomina
294 2898 457 2955 meminerit
468 2920 476 2968 ;
491 2917 585 2975 neque
596 2898 680 2956 amici
690 2899 803 2955 vultum
814 2909 967 2974 agnoscat,
978 2918 1044 2956 curn
1055 2920 1115 2976 quo

66 2984 179 3047 hesterna
193 3003 279 3048 nocte
291 2990 426 3062 coenavit;
441 3012 534 3067 neque
548 2992 655 3051 liberos
662 3034 671 3063 ‚
682 3011 756 3068 quos
764 2992 929 3067 procreavit
939 3005 969 3049 et
980 2994 1117 3055 educatos

65 3076 137 3137 aluit:
150 3102 214 3139 narn
236 3084 293 3139 iilis
313 3084 501 3139 hereditatem
515 3102 596 3140 sunm
612 3082 909 3143 crudeli'teetameuto
924 3083 1026 3157 eripit,
1045 3085 1116 3141 dum
1233 3119 1236 3124 >

66 3186 148 3229 omnes
157 3174 289 3231 fortunas
298 3174 389 3231 domu
400 3175 520 3245 Phidiae,
530 3192 616 3249 quarn
630 3174 767 3231 heredem
777 3194 813 3232 ex
825 3192 886 3231 esse
898 3174 1012 3245 scribit;
1023 3195 1116 3251 usque

65 3260 124 3317 adeo
138 3266 229 3340 potuit
245 3265 359 3341 impura
372 3276 401 3321 et
416 3264 493 3323 vaira
507 3266 612 3322 mulier
627 3266 773 3321 hominem
789 3267 915 3327 inescare
930 3264 990 3347 oris
1007 3266 1112 3335 halitu,

66 3356 132 3425 quod
140 3357 246 3415 inclusa
256 3376 311 3431 per
327 3346 423 3432 plures
437 3376 528 3413 aanor
543 3358 574 3413 in
587 3368 706 3433 angusta
721 3355 866 3431 lupanaris
882 3357 954 3411 cella
964 3355 1093 3429 prostitit
1105 3359 1113 3411 i

97 3454 155 3515 eto.
178 3450 236 3507 Sed
249 3450 296 3506 iae·
311 3468 407 3506 senem
423 3449 517 3519 adhue
530 3450 614 3505 bonae
627 3447 733 3504 mentis
745 3466 805 3503 esse
820 3456 998 3521 compotem,
1018 3456 1115 3503 tannen

63 3526 150 3617 lugeat¹
157 3541 285 3601 filiorum
295 3553 420 3598 mortem
432 3542 591 3615 oportebit,
601 3559 708 3615 eosque
719 3540 756 3595 ad
765 3558 869 3614 rogum
879 3538 993 3606 efferam
1003 3537 1114 3595 dilecte

63 3634 147 3690 uxoris
157 3635 271 3691 bustum
282 3654 315 3691 ac
326 3634 423 3690 fratris
434 3632 602 3703 intuebitur,
615 3644 645 3689 et
658 3652 746 3689 urnas
758 3650 893 3688 sororum
908 3628 1054 3689 cineribus
1068 3652 1115 3691 re-

64 3725 144 3783 tenu.
161 3728 272 3803 Nempe
284 3725 317 3783 id
330 3726 462 3801 supplicii
477 3726 623 3800 longaevos
633 3734 745 3790 manet,
760 3732 794 3777 ut
805 3720 914 3779 iteratis
925 3733 954 3795 et
964 3722 1116 3780 continua-
1165 3801 1168 3805 Δ

65 3816 93 3872 tis
104 3818 130 3873 in
139 3818 240 3875 familia
253 3817 414 3887 funeribus,
424 3816 539 3873 assiduo
550 3818 582 3871 in
594 3832 719 3871 moerore
728 3831 761 3868 ac
770 3812 855 3887 nigro
865 3813 972 3870 amictu
980 3814 1114 3873 miseram

64 3921 220 3967 senectutem
231 3909 356 3985 exigant.
371 3910 486 3976 Nestor,
500 3926 552 3963 rex
563 3906 627 3983 Pyli
634 3946 644 3973 ,
660 3908 682 3963 si
698 3924 785 3980 quam
796 3924 908 3963 summo
921 3893 1050 3963 Homero
1061 3908 1114 3963 hn-

63 3996 258 4073 bernusfideru,
274 4021 349 4058 unus
360 4013 426 4078 poet
434 3998 566 4057 homines
575 4010 658 4056 natos
669 4000 706 4057 ad
716 3998 867 4056 cornicum
876 4001 1035 4076 longarum
1048 4012 1115 4055 ata·

64 4100 109 4148 tem
120 4096 248 4168 proxime
257 4094 391 4152 accessit:
408 4104 438 4151 et
448 4104 544 4151 actum
557 4092 664 4149 eei-licet
673 4093 810 4168 praeclare
819 4092 944 4149 eumillo
953 4100 1050 4166 putas,
1063 4088 1115 4161 qui

136 4186 177 4249 11.
957 4202 976 4245 o
