2784 4917
437 416 621 481 SATIRA
647 416 800 483 NONA.

102 528 244 621 Cymbala
259 527 423 623 pulsantis
439 528 588 625 legatum
604 512 663 601 fiet
678 533 800 603 amici?

102 638 264 731 [inprobus
279 664 334 724 es,
348 664 454 733 quum
469 642 596 734 poscis,
613 640 681 709 ais:
696 642 757 711 sed
775 644 895 738 pensio
909 646 1042 735 clamat,

103 748 210 831 Posce3
222 748 279 817 sed
292 746 440 843 appellat
456 774 543 843 puer
556 748 692 836 unicus,
705 767 746 821 ut
758 752 959 850 Polyphemi

102 856 172 923 Into
185 857 286 941 acies,
307 882 369 952 per
385 882 488 951 quam
504 856 621 929 sollers
635 862 743 933 erasit
759 861 884 935 Ulixes.

102 964 184 1034 lllter
197 968 358 1038 emendus
377 968 460 1055 erit;
475 992 620 1063 namque
634 970 690 1040 hic
704 997 774 1041 non
789 974 919 1045 suffieit
933 1001 942 1045 τ
956 974 1058 1045 ambo

101 1076 265 1145 Puscendi:
281 1078 364 1172 quid
376 1102 473 1173 again
486 1079 606 1148 bruma
619 1080 789 1175 spirante?
803 1084 902 1177 quid,
916 1108 999 1170 oro,

101 1184 180 1272 Quid
193 1186 299 1257 dicum
316 1189 460 1283 scapulis
474 1214 658 1284 puerorum
675 1192 844 1287 Aquilone
857 1195 1055 1280 Decembri,

102 1296 138 1361 Et
151 1294 309 1388 pedibus?
322 1296 459 1383 durate,
475 1314 575 1393 atque
591 1316 783 1395 exspectate
798 1304 950 1373 cicadas?

101 1404 232 1485 Verum,
246 1422 285 1475 ut
301 1407 503 1493 dissimules,
520 1425 558 1479 ut
570 1410 682 1479 mittes
696 1426 824 1499 cetero,
839 1428 966 1507 quanto
1119 1446 1154 1497 7⁰

103 1513 219 1584 Metiris
233 1518 361 1610 pretio,
375 1518 485 1612 quod,
501 1520 537 1586 ni
556 1520 616 1589 tibi
631 1519 766 1591 deditus
778 1546 884 1592 essem

101 1626 301 1723 Devotusque
316 1628 440 1717 cliens,
455 1655 542 1699 uxor
557 1646 614 1699 tua
630 1632 727 1726 virgo
745 1633 917 1703 maneret?

99 1736 159 1805 scis
174 1754 281 1823 certe,
296 1739 420 1833 quibus
433 1740 497 1809 ista
513 1740 639 1827 modis,
654 1765 755 1835 quam
771 1766 860 1836 stepe
875 1745 1021 1838 rogeris,

98 1846 134 1913 Et
148 1873 217 1942 quae
233 1848 402 1945 pollicitus
416 1874 424 1919 :
440 1848 629 1944 lugientem
643 1876 732 1945 saepe
745 1850 890 1945 puellum

96 1957 245 2051 Amplexu
263 1941 382 2053 rapui:
398 1960 526 2031 tabulas
540 1984 675 2055 quoque
691 1976 848 2055 ruperat,
864 1976 899 2031 et
909 1961 980 2055 jam
1119 1980 1153 2047 7⁵

94 2066 261 2163 Signabat:
278 2084 350 2138 tota
365 2070 426 2139 vix
440 2070 506 2141 hoc
521 2096 585 2167 ego
599 2086 702 2143 noete
717 2072 861 2159 redemi,

95 2177 136 2245 Te
153 2178 305 2273 plorante
324 2178 418 2249 soris.
433 2182 542 2251 Testis
556 2182 639 2251 mihi
653 2180 811 2269 lectulus,
827 2195 862 2251 et
875 2196 933 2269 tu,

97 2286 140 2354 dd
153 2312 252 2382 quern
267 2288 422 2383 pervenit
435 2289 511 2358 lecti
528 2315 650 2377 sonus,
664 2306 697 2360 et
710 2292 855 2363 dominre
870 2315 946 2359 vox.

94 2512 150 2551 cum
159 2504 264 2565 neb-e,
275 2504 305 2551 et
316 2496 433 2565 casulis,
443 2506 473 2553 et
482 2496 578 2553 rutulo
589 2496 771 2563 colludente,
784 2513 846 2551 uno
854 2493 948 2549 verbo
956 2494 1154 2553 tomvillsm

93 2596 254 2643 testamento
268 2580 409 2661 lugeberis
422 2586 516 2643 surico
527 2596 579 2642 tuo
590 2586 723 2661 puthioe,
738 2586 860 2661 Cybeles
871 2583 1000 2659 eymbele
1008 2584 1155 2659 pulsanti?

93 2678 175 2735 Nisuis
189 2678 311 2735 moleste
324 2687 353 2734 et
368 2677 553 2753 impudenter
571 2680 715 2751 postules,
729 2675 837 2752 inquis.
853 2674 913 2733 sel
927 2675 1077 2735 uecessites
1094 2680 1154 2737 sol-

91 2770 233 2845 reudipro
242 2770 332 2826 rebus
339 2770 490 2827 conductis
497 2767 587 2845 pretii
596 2768 777 2825 mihielemet
785 2786 794 2838 3
803 2784 905 2843 posce:
915 2777 944 2825 et
953 2766 991 2836 ed
996 2767 1028 2825 id
1037 2788 1153 2846 quoque

91 2882 132 2919 ne
149 2864 226 2941 cogit
238 2880 340 2920 servus
355 2880 443 2937 quem
457 2860 577 2919 unicum
592 2860 702 2927 babeo,
719 2859 794 2917 deut
808 2860 1002 2937 Polyphemus
1019 2863 1153 2933 oculum,

89 2955 138 3011 etsi
157 2958 212 3011 latu
236 2954 315 3023 sele,
335 2952 454 3011 unicum
477 2965 588 3023 nuseu,
613 2965 738 3029 propter
758 2970 846 3027 quem
866 2953 1043 3011 terebratum
1063 2957 1154 3013 solers

89 3046 196 3121 Ulysses
205 3046 330 3102 evadere
337 3046 442 3120 potuit.
451 3046 582 3103 Alterum
592 3046 678 3102 etiem
686 3057 782 3102 enine
790 3044 952 3119 oportebit,
961 3045 1070 3123 quiippe
1077 3064 1153 3103 uuus

86 3136 128 3193 bie
137 3138 208 3193 milri
223 3154 286 3193 nou
299 3136 422 3193 suffieit:
433 3146 557 3212 uterque
569 3137 743 3195 nutriendus
756 3136 822 3195 erit.
839 3135 920 3207 Quid
932 3135 1023 3213 igitur
1035 3138 1152 3208 faeiem,

87 3228 182 3303 byeme
196 3228 353 3285 seviente?
373 3228 445 3303 quid
462 3228 659 3304 respondebo,
674 3246 787 3303 queso,
801 3227 952 3302 meneipiis
970 3227 1043 3285 meis
1056 3226 1153 3285 nudos

87 3320 216 3379 humeros
227 3340 263 3378 se
274 3320 363 3396 pedes
375 3320 522 3378 decembri
536 3340 633 3379 mense
646 3319 887 3377 ostendentibus?
898 3318 1030 3376 diurnus
1040 3318 1053 3373 i
1062 3316 1154 3394 rugus

86 3414 218 3487 perferte,
237 3413 332 3469 doner
348 3424 472 3472 esteten
488 3414 607 3473 rediisse
627 3424 771 3471 testentur
789 3412 902 3469 eimdae.
917 3414 1029 3467 Verum
1043 3409 1154 3469 etiemsi

86 3502 241 3561 dissimules
250 3515 280 3561 et
293 3514 395 3561 cetere
408 3504 538 3577 omittes,
551 3506 654 3581 quenti
664 3505 804 3577 estimes,
816 3502 964 3579 quodnisi
973 3502 1154 3561 tibituissen

85 3597 226 3668 addictus,
238 3608 268 3654 et
278 3598 468 3673 obsequiosus
478 3598 582 3669 cliens,
592 3609 729 3657 uxortua
739 3597 835 3655 adhue
845 3594 899 3651 tibi
906 3592 1037 3653 invalido
1049 3596 1154 3655 ise-ets

83 3693 172 3763 soret,
186 3694 295 3751 ueduns
306 3694 463 3768 pepererit.
473 3694 558 3753 Nosti
566 3695 701 3770 proferto
716 3692 823 3768 qulbus
836 3690 945 3762 modis,
961 3703 991 3749 et
1002 3712 1088 3769 quen
1097 3694 1154 3751 tre

86 3798 205 3860 quenter
216 3787 291 3843 illud
300 3798 382 3843 tuum
394 3806 411 3843 e
422 3805 469 3843 nse
483 3786 612 3843 officium
623 3784 832 3862 postulaveris,
846 3794 876 3841 et
889 3802 953 3859 que
963 3803 1078 3845 rursum
1086 3786 1154 3862 pol·

84 3878 175 3935 licitus
193 3898 232 3936 es.
249 3880 313 3955 Ego
329 3898 404 3954 saepe
419 3898 482 3936 esur
495 3879 586 3935 domo
601 3879 756 3935 abeuntem
770 3877 842 3934 meis
861 3876 1040 3955 amplexibus
1054 3898 1072 3937 e
1086 3880 1154 3956 tuga

84 3972 203 4028 retrusi:
216 3972 328 4028 tubulus
340 3972 428 4028 etism
439 3970 582 4047 nuptieles
592 3970 652 4043 jein
665 3978 800 4046 reperet,
814 3980 845 4026 et
856 3969 926 4026 eliss
941 3970 1090 4049 signsbst:
1101 3972 1152 4028 vix

84 4080 136 4138 ego
151 4064 239 4121 totius
250 4063 345 4121 noetis
359 4065 459 4122 labore
468 4074 564 4122 vestre
575 4064 636 4121 brec
647 4061 766 4120 dissidia
778 4060 945 4138 composui,
960 4072 990 4119 te
1004 4060 1076 4120 foris
1086 4068 1153 4117 unte

89 4154 209 4214 rubieuli
223 4156 339 4232 jsuueru
356 4158 540 4233 leerysnsnte.
558 4158 657 4215 Testes
675 4156 791 4233 sppello
810 4166 841 4215 et
854 4158 978 4224 lectum,
995 4166 1026 4211 et
1042 4166 1086 4223 te,
1103 4156 1155 4233 qui
