<?xml version="1.0" encoding="UTF-8"?>
<!DOCTYPE html PUBLIC "-//W3C//DTD XHTML 1.0 Transitional//EN"
    "http://www.w3.org/TR/xhtml1/DTD/xhtml1-transitional.dtd">
<html xmlns="http://www.w3.org/1999/xhtml" xml:lang="en" lang="en">
 <head>
  <title>
</title>
<meta http-equiv="Content-Type" content="text/html;charset=utf-8" />
  <meta name='ocr-system' content='tesseract 3.04.00' />
  <meta name='ocr-capabilities' content='ocr_page ocr_carea ocr_par ocr_line ocrx_word'/>
</head>
<body>
  <div class='ocr_page' id='page_1' title='image "bibliothecaclas115lemagoog_0059.png"; bbox 0 0 2784 4917; ppageno 0'>
   <div class='ocr_carea' id='block_1_1' title="bbox 336 400 793 501">
    <p class='ocr_par' dir='ltr' id='par_1_1' title="bbox 336 400 793 501">
     <span class='ocr_line' id='line_1_1' title="bbox 336 400 793 501; baseline 0 0"><span class='ocrx_word' id='word_1_1' title='bbox 336 400 339 411; x_wconf 83' lang='grc'><strong>’</strong></span> <span class='ocrx_word' id='word_1_2' title='bbox 372 436 561 501; x_wconf 77' lang='lat' dir='ltr'>sirmi</span> <span class='ocrx_word' id='word_1_3' title='bbox 584 434 793 501; x_wconf 78' lang='lat' dir='ltr'>uncins.</span> 
     </span>
    </p>
   </div>
   <div class='ocr_carea' id='block_1_2' title="bbox 53 548 1121 2397">
    <p class='ocr_par' dir='ltr' id='par_1_2' title="bbox 53 548 835 644">
     <span class='ocr_line' id='line_1_2' title="bbox 53 548 835 644; baseline 0 -27"><span class='ocrx_word' id='word_1_4' title='bbox 53 548 110 617; x_wconf 89' lang='lat' dir='ltr'>Sed</span> <span class='ocrx_word' id='word_1_5' title='bbox 128 548 234 619; x_wconf 84' lang='lat' dir='ltr'>facilis</span> <span class='ocrx_word' id='word_1_6' title='bbox 252 552 359 621; x_wconf 88' lang='lat' dir='ltr'>cuivis</span> <span class='ocrx_word' id='word_1_7' title='bbox 376 549 477 644; x_wconf 76' lang='lat' dir='ltr'>rigidi</span> <span class='ocrx_word' id='word_1_8' title='bbox 496 572 638 619; x_wconf 86' lang='lat' dir='ltr'>censura</span> <span class='ocrx_word' id='word_1_9' title='bbox 655 550 835 619; x_wconf 87' lang='lat' dir='ltr'>cachinni:</span> 
     </span>
    </p>

    <p class='ocr_par' dir='ltr' id='par_1_3' title="bbox 53 656 972 862">
     <span class='ocr_line' id='line_1_3' title="bbox 54 656 972 743; baseline 0.004 -20"><span class='ocrx_word' id='word_1_10' title='bbox 54 658 242 727; x_wconf 81' lang='lat' dir='ltr'>Mirandum</span> <span class='ocrx_word' id='word_1_11' title='bbox 259 674 326 743; x_wconf 91' lang='lat' dir='ltr'>est,</span> <span class='ocrx_word' id='word_1_12' title='bbox 345 657 435 727; x_wconf 89' lang='lat' dir='ltr'>und&#39;e</span> <span class='ocrx_word' id='word_1_13' title='bbox 455 656 512 726; x_wconf 92' lang='lat' dir='ltr'>ille</span> <span class='ocrx_word' id='word_1_14' title='bbox 530 656 636 727; x_wconf 89' lang='lat' dir='ltr'>oculis</span> <span class='ocrx_word' id='word_1_15' title='bbox 651 657 825 727; x_wconf 82' lang='lat' dir='ltr'>suffecerit</span> <span class='ocrx_word' id='word_1_16' title='bbox 840 659 972 729; x_wconf 83' lang='lat' dir='ltr'>humor.</span> 
     </span>
     <span class='ocr_line' id='line_1_4' title="bbox 53 765 805 862; baseline 0.008 -31"><span class='ocrx_word' id='word_1_17' title='bbox 53 766 214 859; x_wconf 85' lang='lat' dir='ltr'>Perpetuo</span> <span class='ocrx_word' id='word_1_18' title='bbox 232 768 302 837; x_wconf 89' lang='lat' dir='ltr'>risu</span> <span class='ocrx_word' id='word_1_19' title='bbox 319 765 514 862; x_wconf 84' lang='lat' dir='ltr'>pulmonem</span> <span class='ocrx_word' id='word_1_20' title='bbox 532 767 658 861; x_wconf 77' lang='lat' dir='ltr'>agitare</span> <span class='ocrx_word' id='word_1_21' title='bbox 676 766 805 837; x_wconf 82' lang='lat' dir='ltr'>solebat</span> 
     </span>
    </p>

    <p class='ocr_par' dir='ltr' id='par_1_4' title="bbox 53 874 940 1073">
     <span class='ocr_line' id='line_1_5' title="bbox 53 874 940 972; baseline 0.006 -31"><span class='ocrx_word' id='word_1_22' title='bbox 53 876 277 963; x_wconf 83' lang='lat' dir='ltr'>Damocritus,</span> <span class='ocrx_word' id='word_1_23' title='bbox 292 902 497 972; x_wconf 86' lang='lat' dir='ltr'>quamquam</span> <span class='ocrx_word' id='word_1_24' title='bbox 511 902 582 946; x_wconf 91' lang='lat' dir='ltr'>non</span> <span class='ocrx_word' id='word_1_25' title='bbox 597 892 708 945; x_wconf 88' lang='lat' dir='ltr'>essent</span> <span class='ocrx_word' id='word_1_26' title='bbox 719 877 861 945; x_wconf 83' lang='lat' dir='ltr'>urbibus</span> <span class='ocrx_word' id='word_1_27' title='bbox 873 874 940 946; x_wconf 81' lang='lat' dir='ltr'>illis</span> 
     </span>
     <span class='ocr_line' id='line_1_6' title="bbox 54 984 899 1073; baseline 0.009 -22"><span class='ocrx_word' id='word_1_28' title='bbox 54 986 229 1073; x_wconf 75' lang='lat' dir='ltr'>Pimterta,</span> <span class='ocrx_word' id='word_1_29' title='bbox 243 1001 277 1056; x_wconf 89' lang='lat' dir='ltr'>et</span> <span class='ocrx_word' id='word_1_30' title='bbox 290 988 429 1073; x_wconf 87' lang='lat' dir='ltr'>trabeae,</span> <span class='ocrx_word' id='word_1_31' title='bbox 449 986 576 1073; x_wconf 80' lang='lat' dir='ltr'>fasces,</span> <span class='ocrx_word' id='word_1_32' title='bbox 585 984 721 1073; x_wconf 78' lang='lat' dir='ltr'>lectica,</span> <span class='ocrx_word' id='word_1_33' title='bbox 737 986 899 1059; x_wconf 87' lang='lat' dir='ltr'>tribunal.</span> 
     </span>
    </p>

    <p class='ocr_par' dir='ltr' id='par_1_5' title="bbox 54 1091 949 1298">
     <span class='ocr_line' id='line_1_7' title="bbox 54 1091 933 1191; baseline 0.003 -29"><span class='ocrx_word' id='word_1_34' title='bbox 54 1094 159 1183; x_wconf 86' lang='lat' dir='ltr'>Quid,</span> <span class='ocrx_word' id='word_1_35' title='bbox 172 1095 200 1165; x_wconf 92' lang='lat' dir='ltr'>si</span> <span class='ocrx_word' id='word_1_36' title='bbox 214 1095 351 1165; x_wconf 90' lang='lat' dir='ltr'>vidisset</span> <span class='ocrx_word' id='word_1_37' title='bbox 365 1112 543 1191; x_wconf 84' lang='lat' dir='ltr'>praetorem</span> <span class='ocrx_word' id='word_1_38' title='bbox 559 1097 715 1166; x_wconf 83' lang='lat' dir='ltr'>curribus</span> <span class='ocrx_word' id='word_1_39' title='bbox 730 1095 804 1167; x_wconf 89' lang='lat' dir='ltr'>altis</span> <span class='ocrx_word' id='word_1_40' title='bbox 929 1091 933 1097; x_wconf 46' lang='lat'>⁵</span> 
     </span>
     <span class='ocr_line' id='line_1_8' title="bbox 55 1203 949 1298; baseline 0.004 -26"><span class='ocrx_word' id='word_1_41' title='bbox 55 1208 257 1291; x_wconf 79' lang='lat' dir='ltr'>Exstantem,</span> <span class='ocrx_word' id='word_1_42' title='bbox 272 1222 307 1275; x_wconf 87' lang='lat' dir='ltr'>et</span> <span class='ocrx_word' id='word_1_43' title='bbox 320 1205 431 1277; x_wconf 88' lang='lat' dir='ltr'>medio</span> <span class='ocrx_word' id='word_1_44' title='bbox 445 1205 620 1275; x_wconf 73' lang='lat' dir='ltr'>sublimem</span> <span class='ocrx_word' id='word_1_45' title='bbox 635 1205 669 1273; x_wconf 90' lang='lat' dir='ltr'>in</span> <span class='ocrx_word' id='word_1_46' title='bbox 686 1203 828 1298; x_wconf 88' lang='lat' dir='ltr'>pulvere</span> <span class='ocrx_word' id='word_1_47' title='bbox 840 1207 949 1291; x_wconf 84' lang='lat' dir='ltr'>Circi,</span> 
     </span>
    </p>

    <p class='ocr_par' dir='ltr' id='par_1_6' title="bbox 55 1314 855 1409">
     <span class='ocr_line' id='line_1_9' title="bbox 55 1314 855 1409; baseline 0.005 -29"><span class='ocrx_word' id='word_1_48' title='bbox 55 1315 92 1381; x_wconf 94' lang='lat' dir='ltr'>ln</span> <span class='ocrx_word' id='word_1_49' title='bbox 109 1315 223 1383; x_wconf 89' lang='lat' dir='ltr'>tunica</span> <span class='ocrx_word' id='word_1_50' title='bbox 237 1316 347 1401; x_wconf 83' lang='lat' dir='ltr'>lovis,</span> <span class='ocrx_word' id='word_1_51' title='bbox 364 1330 398 1384; x_wconf 91' lang='lat' dir='ltr'>et</span> <span class='ocrx_word' id='word_1_52' title='bbox 416 1316 515 1409; x_wconf 82' lang='lat' dir='ltr'>pictae</span> <span class='ocrx_word' id='word_1_53' title='bbox 530 1318 674 1385; x_wconf 85' lang='lat' dir='ltr'>Sarrana</span> <span class='ocrx_word' id='word_1_54' title='bbox 691 1314 855 1385; x_wconf 86' lang='lat' dir='ltr'>ferentem</span> 
     </span>
    </p>

    <p class='ocr_par' dir='ltr' id='par_1_7' title="bbox 55 1422 884 1519">
     <span class='ocr_line' id='line_1_10' title="bbox 55 1422 884 1519; baseline 0.005 -30"><span class='ocrx_word' id='word_1_55' title='bbox 55 1424 101 1489; x_wconf 84' lang='lat' dir='ltr'>Ex</span> <span class='ocrx_word' id='word_1_56' title='bbox 117 1423 268 1492; x_wconf 88' lang='lat' dir='ltr'>humeris</span> <span class='ocrx_word' id='word_1_57' title='bbox 286 1422 391 1493; x_wconf 82' lang='lat' dir='ltr'>aulaea</span> <span class='ocrx_word' id='word_1_58' title='bbox 410 1438 517 1519; x_wconf 82' lang='lat' dir='ltr'>togae,</span> <span class='ocrx_word' id='word_1_59' title='bbox 536 1448 733 1519; x_wconf 82' lang='lat' dir='ltr'>magnaeque</span> <span class='ocrx_word' id='word_1_60' title='bbox 749 1448 884 1493; x_wconf 83' lang='lat' dir='ltr'>eoronae</span> 
     </span>
    </p>

    <p class='ocr_par' dir='ltr' id='par_1_8' title="bbox 54 1532 1119 1847">
     <span class='ocr_line' id='line_1_11' title="bbox 55 1532 1119 1627; baseline 0.001 -29"><span class='ocrx_word' id='word_1_61' title='bbox 55 1532 193 1601; x_wconf 87' lang='lat' dir='ltr'>Tantum</span> <span class='ocrx_word' id='word_1_62' title='bbox 207 1534 324 1605; x_wconf 83' lang='lat' dir='ltr'>orbem</span> <span class='ocrx_word' id='word_1_63' title='bbox 333 1586 343 1617; x_wconf 90' lang='lat'>,</span> <span class='ocrx_word' id='word_1_64' title='bbox 360 1550 489 1627; x_wconf 88' lang='lat' dir='ltr'>quanto</span> <span class='ocrx_word' id='word_1_65' title='bbox 503 1538 617 1605; x_wconf 87' lang='lat' dir='ltr'>cervix</span> <span class='ocrx_word' id='word_1_66' title='bbox 634 1560 705 1603; x_wconf 92' lang='lat' dir='ltr'>non</span> <span class='ocrx_word' id='word_1_67' title='bbox 721 1533 850 1603; x_wconf 85' lang='lat' dir='ltr'>sufficit</span> <span class='ocrx_word' id='word_1_68' title='bbox 865 1533 952 1603; x_wconf 84' lang='lat' dir='ltr'>ulla?</span> <span class='ocrx_word' id='word_1_69' title='bbox 1084 1554 1119 1609; x_wconf 77' lang='grc' dir='ltr'>4ο</span> 
     </span>
     <span class='ocr_line' id='line_1_12' title="bbox 54 1640 1117 1736; baseline 0.005 -29"><span class='ocrx_word' id='word_1_70' title='bbox 54 1640 182 1735; x_wconf 86' lang='lat' dir='ltr'>Quippe</span> <span class='ocrx_word' id='word_1_71' title='bbox 194 1656 286 1711; x_wconf 87' lang='lat' dir='ltr'>tenet</span> <span class='ocrx_word' id='word_1_72' title='bbox 300 1640 427 1711; x_wconf 88' lang='lat' dir='ltr'>sudans</span> <span class='ocrx_word' id='word_1_73' title='bbox 437 1644 527 1713; x_wconf 86' lang='lat' dir='ltr'>banc</span> <span class='ocrx_word' id='word_1_74' title='bbox 542 1642 715 1736; x_wconf 89' lang='lat' dir='ltr'>publicus,</span> <span class='ocrx_word' id='word_1_75' title='bbox 728 1657 779 1727; x_wconf 90' lang='lat' dir='ltr'>et,</span> <span class='ocrx_word' id='word_1_76' title='bbox 796 1641 860 1711; x_wconf 86' lang='lat' dir='ltr'>sibi</span> <span class='ocrx_word' id='word_1_77' title='bbox 878 1642 994 1711; x_wconf 89' lang='lat' dir='ltr'>consul</span> <span class='ocrx_word' id='word_1_78' title='bbox 1109 1655 1117 1668; x_wconf 86' lang='lat'><strong><em>‘</em></strong></span> 
     </span>
     <span class='ocr_line' id='line_1_13' title="bbox 56 1750 840 1847; baseline 0 -29"><span class='ocrx_word' id='word_1_79' title='bbox 56 1752 105 1818; x_wconf 89' lang='lat' dir='ltr'>Ne</span> <span class='ocrx_word' id='word_1_80' title='bbox 122 1750 263 1846; x_wconf 87' lang='lat' dir='ltr'>placeat,</span> <span class='ocrx_word' id='word_1_81' title='bbox 282 1776 387 1821; x_wconf 90' lang='lat' dir='ltr'>curru</span> <span class='ocrx_word' id='word_1_82' title='bbox 403 1776 518 1821; x_wconf 89' lang='lat' dir='ltr'>servus</span> <span class='ocrx_word' id='word_1_83' title='bbox 536 1766 691 1847; x_wconf 85' lang='lat' dir='ltr'>portatur</span> <span class='ocrx_word' id='word_1_84' title='bbox 709 1752 840 1821; x_wconf 82' lang='lat' dir='ltr'>eodem.</span> 
     </span>
    </p>

    <p class='ocr_par' dir='ltr' id='par_1_9' title="bbox 57 1862 988 1958">
     <span class='ocr_line' id='line_1_14' title="bbox 57 1862 988 1958; baseline 0.003 -30"><span class='ocrx_word' id='word_1_85' title='bbox 57 1862 104 1928; x_wconf 87' lang='lat' dir='ltr'>Da</span> <span class='ocrx_word' id='word_1_86' title='bbox 117 1888 206 1933; x_wconf 92' lang='lat' dir='ltr'>nunc</span> <span class='ocrx_word' id='word_1_87' title='bbox 222 1879 257 1932; x_wconf 90' lang='lat' dir='ltr'>et</span> <span class='ocrx_word' id='word_1_88' title='bbox 273 1862 459 1949; x_wconf 87' lang='lat' dir='ltr'>volucrem,</span> <span class='ocrx_word' id='word_1_89' title='bbox 476 1878 610 1958; x_wconf 87' lang='lat' dir='ltr'>sceptro</span> <span class='ocrx_word' id='word_1_90' title='bbox 626 1888 702 1956; x_wconf 82' lang='lat' dir='ltr'>quae</span> <span class='ocrx_word' id='word_1_91' title='bbox 715 1864 824 1956; x_wconf 82' lang='lat' dir='ltr'>surgit</span> <span class='ocrx_word' id='word_1_92' title='bbox 840 1862 988 1945; x_wconf 88' lang='lat' dir='ltr'>eburno,</span> 
     </span>
    </p>

    <p class='ocr_par' dir='ltr' id='par_1_10' title="bbox 58 1969 813 2066">
     <span class='ocr_line' id='line_1_15' title="bbox 58 1969 813 2066; baseline 0.004 -30"><span class='ocrx_word' id='word_1_93' title='bbox 58 1969 149 2041; x_wconf 85' lang='lat' dir='ltr'>Illinc</span> <span class='ocrx_word' id='word_1_94' title='bbox 162 1972 369 2055; x_wconf 85' lang='lat' dir='ltr'>cornicines,</span> <span class='ocrx_word' id='word_1_95' title='bbox 387 1974 467 2043; x_wconf 92' lang='lat' dir='ltr'>hinc</span> <span class='ocrx_word' id='word_1_96' title='bbox 483 1972 706 2066; x_wconf 82' lang='lat' dir='ltr'>praeoedentia</span> <span class='ocrx_word' id='word_1_97' title='bbox 720 1970 813 2066; x_wconf 82' lang='lat' dir='ltr'>longi</span> 
     </span>
    </p>

    <p class='ocr_par' dir='ltr' id='par_1_11' title="bbox 58 2081 1121 2287">
     <span class='ocr_line' id='line_1_16' title="bbox 58 2081 1121 2175; baseline 0.003 -26"><span class='ocrx_word' id='word_1_98' title='bbox 58 2083 204 2175; x_wconf 80' lang='lat' dir='ltr'>Agminis</span> <span class='ocrx_word' id='word_1_99' title='bbox 217 2082 346 2168; x_wconf 83' lang='lat' dir='ltr'>officia,</span> <span class='ocrx_word' id='word_1_100' title='bbox 365 2098 400 2151; x_wconf 90' lang='lat' dir='ltr'>et</span> <span class='ocrx_word' id='word_1_101' title='bbox 414 2083 528 2152; x_wconf 81' lang='lat' dir='ltr'>niveos</span> <span class='ocrx_word' id='word_1_102' title='bbox 543 2082 586 2151; x_wconf 90' lang='lat' dir='ltr'>ad</span> <span class='ocrx_word' id='word_1_103' title='bbox 605 2081 700 2150; x_wconf 82' lang='lat' dir='ltr'>frena</span> <span class='ocrx_word' id='word_1_104' title='bbox 716 2081 881 2169; x_wconf 86' lang='lat' dir='ltr'>Quirites,</span> <span class='ocrx_word' id='word_1_105' title='bbox 1085 2095 1121 2157; x_wconf 67' lang='lat' dir='ltr'>es</span> 
     </span>
     <span class='ocr_line' id='line_1_17' title="bbox 58 2188 884 2287; baseline -0.002 -28"><span class='ocrx_word' id='word_1_106' title='bbox 58 2191 190 2262; x_wconf 80' lang='lat' dir='ltr'>Defessa</span> <span class='ocrx_word' id='word_1_107' title='bbox 205 2194 241 2261; x_wconf 93' lang='lat' dir='ltr'>in</span> <span class='ocrx_word' id='word_1_108' title='bbox 257 2190 377 2263; x_wconf 90' lang='lat' dir='ltr'>loculis</span> <span class='ocrx_word' id='word_1_109' title='bbox 389 2217 474 2287; x_wconf 88' lang='lat' dir='ltr'>quos</span> <span class='ocrx_word' id='word_1_110' title='bbox 490 2190 640 2286; x_wconf 86' lang='lat' dir='ltr'>sportula</span> <span class='ocrx_word' id='word_1_111' title='bbox 653 2188 733 2261; x_wconf 86' lang='lat' dir='ltr'>fecit</span> <span class='ocrx_word' id='word_1_112' title='bbox 748 2191 884 2259; x_wconf 88' lang='lat' dir='ltr'>amicos.</span> 
     </span>
    </p>

    <p class='ocr_par' dir='ltr' id='par_1_12' title="bbox 59 2298 921 2397">
     <span class='ocr_line' id='line_1_18' title="bbox 59 2298 921 2397; baseline 0.005 -30"><span class='ocrx_word' id='word_1_113' title='bbox 59 2302 149 2372; x_wconf 88' lang='lat' dir='ltr'>Tunc</span> <span class='ocrx_word' id='word_1_114' title='bbox 160 2326 298 2397; x_wconf 87' lang='lat' dir='ltr'>quoque</span> <span class='ocrx_word' id='word_1_115' title='bbox 312 2303 485 2372; x_wconf 86' lang='lat' dir='ltr'>materiam</span> <span class='ocrx_word' id='word_1_116' title='bbox 502 2302 586 2371; x_wconf 92' lang='lat' dir='ltr'>risus</span> <span class='ocrx_word' id='word_1_117' title='bbox 600 2300 728 2369; x_wconf 83' lang='lat' dir='ltr'>invenit</span> <span class='ocrx_word' id='word_1_118' title='bbox 744 2298 787 2369; x_wconf 88' lang='lat' dir='ltr'>ad</span> <span class='ocrx_word' id='word_1_119' title='bbox 802 2320 921 2371; x_wconf 82' lang='lat' dir='ltr'>omnes</span> 
     </span>
    </p>
   </div>
   <div class='ocr_carea' id='block_1_3' title="bbox 59 2506 1132 4242">
    <p class='ocr_par' dir='ltr' id='par_1_13' title="bbox 59 2506 1132 4242">
     <span class='ocr_line' id='line_1_19' title="bbox 60 2506 1123 2589; baseline -0.007 -23"><span class='ocrx_word' id='word_1_120' title='bbox 60 2506 202 2567; x_wconf 81' lang='lat' dir='ltr'>bominum</span> <span class='ocrx_word' id='word_1_121' title='bbox 210 2510 336 2569; x_wconf 85' lang='lat' dir='ltr'>ridendo</span> <span class='ocrx_word' id='word_1_122' title='bbox 347 2529 514 2589; x_wconf 77' lang='lat' dir='ltr'>coarguere,</span> <span class='ocrx_word' id='word_1_123' title='bbox 527 2530 613 2587; x_wconf 81' lang='lat' dir='ltr'>quem</span> <span class='ocrx_word' id='word_1_124' title='bbox 621 2508 734 2580; x_wconf 67' lang='lat' dir='ltr'>flendo,</span> <span class='ocrx_word' id='word_1_125' title='bbox 743 2508 1051 2581; x_wconf 80' lang='lat' dir='ltr'>mirumqueupperet,</span> <span class='ocrx_word' id='word_1_126' title='bbox 1061 2522 1123 2578; x_wconf 83' lang='lat' dir='ltr'>quo</span> 
     </span>
     <span class='ocr_line' id='line_1_20' title="bbox 60 2596 1124 2679; baseline -0.005 -23"><span class='ocrx_word' id='word_1_127' title='bbox 60 2612 138 2672; x_wconf 80' lang='lat' dir='ltr'>pecto</span> <span class='ocrx_word' id='word_1_128' title='bbox 151 2612 208 2659; x_wconf 82' lang='lat' dir='ltr'>um</span> <span class='ocrx_word' id='word_1_129' title='bbox 217 2602 476 2679; x_wconf 77' lang='lat' dir='ltr'>ubereslscrymss</span> <span class='ocrx_word' id='word_1_130' title='bbox 490 2603 673 2679; x_wconf 89' lang='lat' dir='ltr'>inpromptu</span> <span class='ocrx_word' id='word_1_131' title='bbox 689 2600 829 2659; x_wconf 75' lang='lat' dir='ltr'>Heracliti</span> <span class='ocrx_word' id='word_1_132' title='bbox 842 2615 957 2672; x_wconf 85' lang='lat' dir='ltr'>semper</span> <span class='ocrx_word' id='word_1_133' title='bbox 968 2596 1124 2653; x_wconf 73' lang='lat' dir='ltr'>habuerint</span> 
     </span>
     <span class='ocr_line' id='line_1_21' title="bbox 60 2688 1121 2769; baseline -0.003 -23"><span class='ocrx_word' id='word_1_134' title='bbox 60 2691 139 2747; x_wconf 84' lang='lat' dir='ltr'>oculi.</span> <span class='ocrx_word' id='word_1_135' title='bbox 154 2692 339 2751; x_wconf 72' lang='lat' dir='ltr'>Dmnocritns</span> <span class='ocrx_word' id='word_1_136' title='bbox 358 2694 561 2752; x_wconf 80' lang='lat' dir='ltr'>effimdebetur</span> <span class='ocrx_word' id='word_1_137' title='bbox 577 2696 607 2751; x_wconf 89' lang='lat' dir='ltr'>in</span> <span class='ocrx_word' id='word_1_138' title='bbox 621 2696 713 2751; x_wconf 88' lang='lat' dir='ltr'>risum</span> <span class='ocrx_word' id='word_1_139' title='bbox 729 2703 916 2769; x_wconf 86' lang='lat' dir='ltr'>perpetuum,</span> <span class='ocrx_word' id='word_1_140' title='bbox 931 2690 999 2746; x_wconf 88' lang='lat' dir='ltr'>licet</span> <span class='ocrx_word' id='word_1_141' title='bbox 1018 2689 1052 2745; x_wconf 89' lang='lat' dir='ltr'>in</span> <span class='ocrx_word' id='word_1_142' title='bbox 1070 2688 1121 2757; x_wconf 90' lang='lat' dir='ltr'>iis,</span> 
     </span>
     <span class='ocr_line' id='line_1_22' title="bbox 60 2780 1121 2864; baseline -0.005 -23"><span class='ocrx_word' id='word_1_143' title='bbox 60 2784 157 2857; x_wconf 86' lang='lat' dir='ltr'>quibus</span> <span class='ocrx_word' id='word_1_144' title='bbox 165 2787 303 2864; x_wconf 82' lang='lat' dir='ltr'>degebat,</span> <span class='ocrx_word' id='word_1_145' title='bbox 316 2787 431 2862; x_wconf 84' lang='lat' dir='ltr'>oppidis</span> <span class='ocrx_word' id='word_1_146' title='bbox 440 2804 499 2843; x_wconf 90' lang='lat' dir='ltr'>uon</span> <span class='ocrx_word' id='word_1_147' title='bbox 510 2797 709 2861; x_wconf 73' lang='lat' dir='ltr'>spectarentur</span> <span class='ocrx_word' id='word_1_148' title='bbox 719 2794 877 2860; x_wconf 75' lang='lat' dir='ltr'>praetextae,</span> <span class='ocrx_word' id='word_1_149' title='bbox 889 2781 1007 2850; x_wconf 72' lang='lat' dir='ltr'>trabea,</span> <span class='ocrx_word' id='word_1_150' title='bbox 1019 2780 1121 2850; x_wconf 71' lang='lat' dir='ltr'>nera,</span> 
     </span>
     <span class='ocr_line' id='line_1_23' title="bbox 61 2870 1125 2953; baseline -0.003 -23"><span class='ocrx_word' id='word_1_151' title='bbox 61 2876 220 2949; x_wconf 73' lang='lat' dir='ltr'>tribunaba,</span> <span class='ocrx_word' id='word_1_152' title='bbox 236 2880 355 2936; x_wconf 80' lang='lat' dir='ltr'>lecticae.</span> <span class='ocrx_word' id='word_1_153' title='bbox 372 2880 451 2948; x_wconf 86' lang='lat' dir='ltr'>Quid</span> <span class='ocrx_word' id='word_1_154' title='bbox 462 2878 487 2935; x_wconf 91' lang='lat' dir='ltr'>si</span> <span class='ocrx_word' id='word_1_155' title='bbox 497 2878 573 2935; x_wconf 87' lang='lat' dir='ltr'>ludis</span> <span class='ocrx_word' id='word_1_156' title='bbox 588 2888 617 2936; x_wconf 88' lang='lat' dir='ltr'>et</span> <span class='ocrx_word' id='word_1_157' title='bbox 630 2878 798 2953; x_wconf 81' lang='lat' dir='ltr'>spectaculis</span> <span class='ocrx_word' id='word_1_158' title='bbox 810 2874 917 2932; x_wconf 80' lang='lat' dir='ltr'>uostris</span> <span class='ocrx_word' id='word_1_159' title='bbox 929 2870 1125 2941; x_wconf 76' lang='lat' dir='ltr'>interfuisset,</span> 
     </span>
     <span class='ocr_line' id='line_1_24' title="bbox 61 2964 1122 3047; baseline -0.008 -19"><span class='ocrx_word' id='word_1_160' title='bbox 61 2966 87 3023; x_wconf 78' lang='lat' dir='ltr'>ln</span> <span class='ocrx_word' id='word_1_161' title='bbox 94 2970 196 3044; x_wconf 89' lang='lat' dir='ltr'>quibus</span> <span class='ocrx_word' id='word_1_162' title='bbox 203 2982 315 3046; x_wconf 75' lang='lat' dir='ltr'>praetor</span> <span class='ocrx_word' id='word_1_163' title='bbox 324 2971 440 3027; x_wconf 85' lang='lat' dir='ltr'>sublimi</span> <span class='ocrx_word' id='word_1_164' title='bbox 452 2988 553 3041; x_wconf 88' lang='lat' dir='ltr'>curru,</span> <span class='ocrx_word' id='word_1_165' title='bbox 567 2971 803 3047; x_wconf 76' lang='lat' dir='ltr'>pulverulentum</span> <span class='ocrx_word' id='word_1_166' title='bbox 815 2986 870 3043; x_wconf 89' lang='lat' dir='ltr'>per</span> <span class='ocrx_word' id='word_1_167' title='bbox 881 2967 997 3024; x_wconf 88' lang='lat' dir='ltr'>Circum</span> <span class='ocrx_word' id='word_1_168' title='bbox 1007 2964 1122 3021; x_wconf 82' lang='lat' dir='ltr'>iusebi-</span> 
     </span>
     <span class='ocr_line' id='line_1_25' title="bbox 62 3057 1122 3136; baseline -0.004 -21"><span class='ocrx_word' id='word_1_169' title='bbox 62 3068 113 3130; x_wconf 88' lang='lat' dir='ltr'>tur,</span> <span class='ocrx_word' id='word_1_170' title='bbox 123 3062 243 3119; x_wconf 80' lang='lat' dir='ltr'>tunicae</span> <span class='ocrx_word' id='word_1_171' title='bbox 253 3062 398 3136; x_wconf 80' lang='lat' dir='ltr'>Capitolio</span> <span class='ocrx_word' id='word_1_172' title='bbox 407 3073 519 3136; x_wconf 88' lang='lat' dir='ltr'>sumpta</span> <span class='ocrx_word' id='word_1_173' title='bbox 529 3062 664 3132; x_wconf 89' lang='lat' dir='ltr'>indutus,</span> <span class='ocrx_word' id='word_1_174' title='bbox 673 3062 847 3136; x_wconf 71' lang='lat' dir='ltr'>picturatum</span> <span class='ocrx_word' id='word_1_175' title='bbox 856 3078 911 3115; x_wconf 84' lang='lat' dir='ltr'>scu</span> <span class='ocrx_word' id='word_1_176' title='bbox 917 3057 1043 3133; x_wconf 77' lang='lat' dir='ltr'>Phrygia</span> <span class='ocrx_word' id='word_1_177' title='bbox 1050 3074 1122 3129; x_wconf 89' lang='lat' dir='ltr'>pnr-</span> 
     </span>
     <span class='ocr_line' id='line_1_26' title="bbox 61 3148 1122 3230; baseline -0.005 -22"><span class='ocrx_word' id='word_1_178' title='bbox 61 3164 292 3229; x_wconf 56' lang='lat' dir='ltr'>parentemn,</span> <span class='ocrx_word' id='word_1_179' title='bbox 303 3154 395 3211; x_wconf 79' lang='lat' dir='ltr'>instar</span> <span class='ocrx_word' id='word_1_180' title='bbox 402 3154 484 3211; x_wconf 76' lang='lat' dir='ltr'>aulaei</span> <span class='ocrx_word' id='word_1_181' title='bbox 493 3157 633 3230; x_wconf 81' lang='lat' dir='ltr'>amplam,</span> <span class='ocrx_word' id='word_1_182' title='bbox 644 3152 772 3211; x_wconf 82' lang='lat' dir='ltr'>humeris</span> <span class='ocrx_word' id='word_1_183' title='bbox 777 3164 907 3228; x_wconf 67' lang='lat' dir='ltr'>gestans,</span> <span class='ocrx_word' id='word_1_184' title='bbox 923 3161 953 3209; x_wconf 90' lang='lat' dir='ltr'>et</span> <span class='ocrx_word' id='word_1_185' title='bbox 964 3148 1122 3205; x_wconf 86' lang='lat' dir='ltr'>imminen-</span> 
     </span>
     <span class='ocr_line' id='line_1_27' title="bbox 62 3240 1122 3314; baseline -0.004 -16"><span class='ocrx_word' id='word_1_186' title='bbox 62 3252 111 3299; x_wconf 71' lang='lat' dir='ltr'>t·</span> <span class='ocrx_word' id='word_1_187' title='bbox 124 3246 225 3303; x_wconf 81' lang='lat' dir='ltr'>vertici</span> <span class='ocrx_word' id='word_1_188' title='bbox 234 3246 344 3303; x_wconf 81' lang='lat' dir='ltr'>babens</span> <span class='ocrx_word' id='word_1_189' title='bbox 357 3265 494 3304; x_wconf 77' lang='lat' dir='ltr'>cononem</span> <span class='ocrx_word' id='word_1_190' title='bbox 509 3258 595 3303; x_wconf 83' lang='lat' dir='ltr'>tantae</span> <span class='ocrx_word' id='word_1_191' title='bbox 608 3247 709 3314; x_wconf 89' lang='lat' dir='ltr'>molis,</span> <span class='ocrx_word' id='word_1_192' title='bbox 724 3258 758 3303; x_wconf 93' lang='lat' dir='ltr'>ut</span> <span class='ocrx_word' id='word_1_193' title='bbox 769 3246 814 3301; x_wconf 88' lang='lat' dir='ltr'>ilii</span> <span class='ocrx_word' id='word_1_194' title='bbox 825 3243 952 3301; x_wconf 80' lang='lat' dir='ltr'>serendae</span> <span class='ocrx_word' id='word_1_195' title='bbox 964 3242 1014 3299; x_wconf 78' lang='lat' dir='ltr'>rix</span> <span class='ocrx_word' id='word_1_196' title='bbox 1028 3240 1122 3299; x_wconf 85' lang='lat' dir='ltr'>ullum</span> 
     </span>
     <span class='ocr_line' id='line_1_28' title="bbox 62 3324 1122 3415; baseline -0.008 -21"><span class='ocrx_word' id='word_1_197' title='bbox 62 3348 203 3409; x_wconf 75' lang='lat' dir='ltr'>caputesse</span> <span class='ocrx_word' id='word_1_198' title='bbox 211 3356 266 3413; x_wconf 77' lang='lat' dir='ltr'>par</span> <span class='ocrx_word' id='word_1_199' title='bbox 275 3324 381 3412; x_wconf 53' lang='lat' dir='ltr'>duest?</span> <span class='ocrx_word' id='word_1_200' title='bbox 395 3340 431 3394; x_wconf 86' lang='lat' dir='ltr'>Et</span> <span class='ocrx_word' id='word_1_201' title='bbox 439 3358 510 3397; x_wconf 80' lang='lat' dir='ltr'>vero</span> <span class='ocrx_word' id='word_1_202' title='bbox 519 3339 652 3415; x_wconf 89' lang='lat' dir='ltr'>publicus</span> <span class='ocrx_word' id='word_1_203' title='bbox 660 3340 792 3395; x_wconf 82' lang='lat' dir='ltr'>minister</span> <span class='ocrx_word' id='word_1_204' title='bbox 800 3356 876 3413; x_wconf 68' lang='lat' dir='ltr'>agre</span> <span class='ocrx_word' id='word_1_205' title='bbox 884 3336 964 3391; x_wconf 85' lang='lat' dir='ltr'>illem</span> <span class='ocrx_word' id='word_1_206' title='bbox 977 3333 1122 3390; x_wconf 87' lang='lat' dir='ltr'>sustineus</span> 
     </span>
     <span class='ocr_line' id='line_1_29' title="bbox 62 3424 1125 3503; baseline -0.005 -21"><span class='ocrx_word' id='word_1_207' title='bbox 62 3428 153 3497; x_wconf 82' lang='lat' dir='ltr'>sudat,</span> <span class='ocrx_word' id='word_1_208' title='bbox 168 3448 215 3497; x_wconf 83' lang='lat' dir='ltr'>sc,</span> <span class='ocrx_word' id='word_1_209' title='bbox 234 3448 273 3487; x_wconf 89' lang='lat' dir='ltr'>ne</span> <span class='ocrx_word' id='word_1_210' title='bbox 287 3429 441 3489; x_wconf 83' lang='lat' dir='ltr'>insolescat</span> <span class='ocrx_word' id='word_1_211' title='bbox 454 3434 570 3503; x_wconf 85' lang='lat' dir='ltr'>consul,</span> <span class='ocrx_word' id='word_1_212' title='bbox 589 3432 685 3489; x_wconf 86' lang='lat' dir='ltr'>editor</span> <span class='ocrx_word' id='word_1_213' title='bbox 699 3432 852 3500; x_wconf 81' lang='lat' dir='ltr'>ludorum,</span> <span class='ocrx_word' id='word_1_214' title='bbox 871 3428 929 3485; x_wconf 88' lang='lat' dir='ltr'>illis</span> <span class='ocrx_word' id='word_1_215' title='bbox 942 3424 1125 3497; x_wconf 82' lang='lat' dir='ltr'>triumphan-</span> 
     </span>
     <span class='ocr_line' id='line_1_30' title="bbox 61 3513 1125 3599; baseline -0.008 -21"><span class='ocrx_word' id='word_1_216' title='bbox 61 3520 125 3577; x_wconf 74' lang='lat' dir='ltr'>tium</span> <span class='ocrx_word' id='word_1_217' title='bbox 138 3522 301 3599; x_wconf 81' lang='lat' dir='ltr'>insignibus</span> <span class='ocrx_word' id='word_1_218' title='bbox 315 3534 449 3595; x_wconf 80' lang='lat' dir='ltr'>ornatus,</span> <span class='ocrx_word' id='word_1_219' title='bbox 461 3524 493 3579; x_wconf 90' lang='lat' dir='ltr'>in</span> <span class='ocrx_word' id='word_1_220' title='bbox 502 3526 606 3582; x_wconf 86' lang='lat' dir='ltr'>eodem</span> <span class='ocrx_word' id='word_1_221' title='bbox 620 3544 710 3583; x_wconf 88' lang='lat' dir='ltr'>curru</span> <span class='ocrx_word' id='word_1_222' title='bbox 720 3542 820 3579; x_wconf 81' lang='lat' dir='ltr'>servus</span> <span class='ocrx_word' id='word_1_223' title='bbox 831 3530 970 3596; x_wconf 74' lang='lat' dir='ltr'>gestatur.</span> <span class='ocrx_word' id='word_1_224' title='bbox 985 3513 1125 3571; x_wconf 80' lang='lat' dir='ltr'>Hisudde</span> 
     </span>
     <span class='ocr_line' id='line_1_31' title="bbox 59 3609 1125 3693; baseline -0.008 -24"><span class='ocrx_word' id='word_1_225' title='bbox 59 3614 207 3687; x_wconf 83' lang='lat' dir='ltr'>scipionem</span> <span class='ocrx_word' id='word_1_226' title='bbox 220 3615 399 3685; x_wconf 87' lang='lat' dir='ltr'>eburneum,</span> <span class='ocrx_word' id='word_1_227' title='bbox 413 3616 493 3691; x_wconf 78' lang='lat' dir='ltr'>cnjus</span> <span class='ocrx_word' id='word_1_228' title='bbox 507 3617 582 3692; x_wconf 88' lang='lat' dir='ltr'>apici</span> <span class='ocrx_word' id='word_1_229' title='bbox 594 3616 690 3693; x_wconf 81' lang='lat' dir='ltr'>aquila</span> <span class='ocrx_word' id='word_1_230' title='bbox 700 3614 823 3681; x_wconf 77' lang='lat' dir='ltr'>insidet3</span> <span class='ocrx_word' id='word_1_231' title='bbox 835 3609 911 3667; x_wconf 79' lang='lat' dir='ltr'>adde</span> <span class='ocrx_word' id='word_1_232' title='bbox 921 3625 1026 3665; x_wconf 78' lang='lat' dir='ltr'>exues</span> <span class='ocrx_word' id='word_1_233' title='bbox 1040 3616 1125 3679; x_wconf 76' lang='lat' dir='ltr'>perte</span> 
     </span>
     <span class='ocr_line' id='line_1_32' title="bbox 62 3696 1126 3788; baseline -0.006 -25"><span class='ocrx_word' id='word_1_234' title='bbox 62 3708 209 3780; x_wconf 83' lang='lat' dir='ltr'>tubicines,</span> <span class='ocrx_word' id='word_1_235' title='bbox 224 3726 260 3765; x_wconf 84' lang='lat' dir='ltr'>ex</span> <span class='ocrx_word' id='word_1_236' title='bbox 273 3710 363 3765; x_wconf 77' lang='lat' dir='ltr'>ultera</span> <span class='ocrx_word' id='word_1_237' title='bbox 374 3710 493 3785; x_wconf 78' lang='lat' dir='ltr'>longum</span> <span class='ocrx_word' id='word_1_238' title='bbox 504 3729 607 3788; x_wconf 78' lang='lat' dir='ltr'>agmen</span> <span class='ocrx_word' id='word_1_239' title='bbox 618 3707 768 3766; x_wconf 85' lang='lat' dir='ltr'>clientium</span> <span class='ocrx_word' id='word_1_240' title='bbox 778 3714 808 3761; x_wconf 88' lang='lat' dir='ltr'>et</span> <span class='ocrx_word' id='word_1_241' title='bbox 820 3702 995 3768; x_wconf 80' lang='lat' dir='ltr'>amicorum,</span> <span class='ocrx_word' id='word_1_242' title='bbox 1005 3696 1058 3770; x_wconf 79' lang='lat' dir='ltr'>qui</span> <span class='ocrx_word' id='word_1_243' title='bbox 1068 3697 1126 3751; x_wconf 80' lang='lat'>¹1⁰·</span> 
     </span>
     <span class='ocr_line' id='line_1_33' title="bbox 61 3786 1128 3877; baseline -0.011 -24"><span class='ocrx_word' id='word_1_244' title='bbox 61 3800 133 3856; x_wconf 90' lang='lat' dir='ltr'>noris</span> <span class='ocrx_word' id='word_1_245' title='bbox 148 3812 177 3857; x_wconf 88' lang='lat' dir='ltr'>et</span> <span class='ocrx_word' id='word_1_246' title='bbox 194 3799 286 3857; x_wconf 83' lang='lat' dir='ltr'>officii</span> <span class='ocrx_word' id='word_1_247' title='bbox 306 3818 390 3857; x_wconf 84' lang='lat' dir='ltr'>causa</span> <span class='ocrx_word' id='word_1_248' title='bbox 409 3802 634 3877; x_wconf 82' lang='lat' dir='ltr'>triumphantem</span> <span class='ocrx_word' id='word_1_249' title='bbox 652 3796 841 3864; x_wconf 76' lang='lat' dir='ltr'>antecedunt,</span> <span class='ocrx_word' id='word_1_250' title='bbox 858 3793 987 3863; x_wconf 85' lang='lat' dir='ltr'>itemque</span> <span class='ocrx_word' id='word_1_251' title='bbox 1003 3786 1128 3853; x_wconf 80' lang='lat' dir='ltr'>cisium,</span> 
     </span>
     <span class='ocr_line' id='line_1_34' title="bbox 61 3877 1129 3968; baseline -0.013 -22"><span class='ocrx_word' id='word_1_252' title='bbox 61 3892 107 3965; x_wconf 89' lang='lat' dir='ltr'>qui</span> <span class='ocrx_word' id='word_1_253' title='bbox 120 3892 191 3948; x_wconf 82' lang='lat' dir='ltr'>albis</span> <span class='ocrx_word' id='word_1_254' title='bbox 203 3890 301 3951; x_wconf 84' lang='lat' dir='ltr'>induti</span> <span class='ocrx_word' id='word_1_255' title='bbox 316 3892 444 3949; x_wconf 78' lang='lat' dir='ltr'>vestibus</span> <span class='ocrx_word' id='word_1_256' title='bbox 455 3912 545 3968; x_wconf 88' lang='lat' dir='ltr'>equos</span> <span class='ocrx_word' id='word_1_257' title='bbox 560 3890 766 3967; x_wconf 81' lang='lat' dir='ltr'>triumphalem</span> <span class='ocrx_word' id='word_1_258' title='bbox 779 3902 899 3943; x_wconf 74' lang='lat' dir='ltr'>currum</span> <span class='ocrx_word' id='word_1_259' title='bbox 914 3882 1062 3939; x_wconf 81' lang='lat' dir='ltr'>trahentes</span> <span class='ocrx_word' id='word_1_260' title='bbox 1072 3877 1129 3933; x_wconf 89' lang='lat' dir='ltr'>cir·</span> 
     </span>
     <span class='ocr_line' id='line_1_35' title="bbox 61 3968 1132 4058; baseline -0.007 -20"><span class='ocrx_word' id='word_1_261' title='bbox 61 3982 239 4051; x_wconf 86' lang='lat' dir='ltr'>cumsistunt,</span> <span class='ocrx_word' id='word_1_262' title='bbox 255 4000 389 4057; x_wconf 79' lang='lat' dir='ltr'>quosque</span> <span class='ocrx_word' id='word_1_263' title='bbox 407 4002 472 4058; x_wconf 86' lang='lat' dir='ltr'>spes</span> <span class='ocrx_word' id='word_1_264' title='bbox 488 3984 657 4043; x_wconf 76' lang='lat' dir='ltr'>obtinendis</span> <span class='ocrx_word' id='word_1_265' title='bbox 679 3980 819 4055; x_wconf 67' lang='lat' dir='ltr'>sportula</span> <span class='ocrx_word' id='word_1_266' title='bbox 836 3996 870 4034; x_wconf 82' lang='lat' dir='ltr'>uc</span> <span class='ocrx_word' id='word_1_267' title='bbox 889 3986 1080 4031; x_wconf 71' lang='lat' dir='ltr'>nummorum</span> <span class='ocrx_word' id='word_1_268' title='bbox 1099 3968 1132 4023; x_wconf 72' lang='lat' dir='ltr'>in</span> 
     </span>
     <span class='ocr_line' id='line_1_36' title="bbox 62 4059 1131 4159; baseline 0.001 -32"><span class='ocrx_word' id='word_1_269' title='bbox 62 4072 258 4149; x_wconf 83' lang='lat' dir='ltr'>triumphantis</span> <span class='ocrx_word' id='word_1_270' title='bbox 268 4092 404 4131; x_wconf 72' lang='lat' dir='ltr'>mena</span> <span class='ocrx_word' id='word_1_271' title='bbox 411 4078 575 4147; x_wconf 83' lang='lat' dir='ltr'>latentium,</span> <span class='ocrx_word' id='word_1_272' title='bbox 586 4074 691 4133; x_wconf 84' lang='lat' dir='ltr'>accivit</span> <span class='ocrx_word' id='word_1_273' title='bbox 701 4094 709 4128; x_wconf 77' lang='grc' dir='ltr'><strong><em>ι</em></strong></span> <span class='ocrx_word' id='word_1_274' title='bbox 718 4090 769 4143; x_wconf 81' lang='lat' dir='ltr'>es,</span> <span class='ocrx_word' id='word_1_275' title='bbox 780 4070 913 4143; x_wconf 81' lang='lat' dir='ltr'>inquam,</span> <span class='ocrx_word' id='word_1_276' title='bbox 921 4059 1131 4159; x_wconf 59' lang='lat' dir='ltr'>oluitflufmj</span> 
     </span>
     <span class='ocr_line' id='line_1_37' title="bbox 62 4145 1132 4242; baseline -0.006 -17"><span class='ocrx_word' id='word_1_277' title='bbox 62 4166 102 4222; x_wconf 78' lang='lat' dir='ltr'>vis</span> <span class='ocrx_word' id='word_1_278' title='bbox 116 4166 306 4225; x_wconf 88' lang='lat' dir='ltr'>Democritus</span> <span class='ocrx_word' id='word_1_279' title='bbox 323 4166 354 4223; x_wconf 89' lang='lat' dir='ltr'>in</span> <span class='ocrx_word' id='word_1_280' title='bbox 375 4170 467 4242; x_wconf 78' lang='lat' dir='ltr'>patria</span> <span class='ocrx_word' id='word_1_281' title='bbox 488 4188 540 4231; x_wconf 80' lang='lat' dir='ltr'>sna</span> <span class='ocrx_word' id='word_1_282' title='bbox 559 4188 621 4231; x_wconf 86' lang='lat' dir='ltr'>uon</span> <span class='ocrx_word' id='word_1_283' title='bbox 638 4166 770 4229; x_wconf 81' lang='lat' dir='ltr'>videret,</span> <span class='ocrx_word' id='word_1_284' title='bbox 789 4173 895 4221; x_wconf 66' lang='lat' dir='ltr'>tamen⁴</span> <span class='ocrx_word' id='word_1_285' title='bbox 908 4145 1056 4227; x_wconf 61' lang='lat' dir='ltr'>quidumd</span> <span class='ocrx_word' id='word_1_286' title='bbox 1077 4162 1132 4215; x_wconf 75' lang='lat' dir='ltr'>¹P⁵¹</span> 
     </span>
    </p>
   </div>
   <div class='ocr_carea' id='block_1_4' title="bbox 0 0 1409 4917">
    <p class='ocr_par' dir='ltr' id='par_1_14' title="bbox 0 0 1409 4917">
     <span class='ocr_line' id='line_1_38' title="bbox 0 0 1409 4917; baseline 0 0"><span class='ocrx_word' id='word_1_287' title='bbox 0 0 1409 4917; x_wconf 95' lang='lat' dir='ltr'> </span> 
     </span>
    </p>
   </div>
  </div>
 </body>
</html>
