2784 4917
279 379 344 457 24⁸
555 377 598 440 n.
620 375 761 440 sunu
783 373 1068 440 Juvnnnms
1117 381 1121 386 ’

277 491 469 575 Debueras,
485 485 539 556 vel
557 512 785 574 marmoreus,
801 489 853 556 vel
870 486 1037 558 aheneus?
1054 501 1110 555 aut
1125 511 1186 555 cur
1294 501 1335 554 ηε

276 604 319 671 In
337 602 481 670 carbone
497 613 557 667 tuo
573 599 689 667 charta
708 599 763 690 pia
782 598 883 666 thura
900 595 1008 666 soluta
1359 621 1360 700 ,

279 710 461 796 Ponimus,
477 725 511 778 et
525 723 653 778 sectum
667 704 765 776 vituli
778 707 887 800 jecur,
903 705 1044 800 albaque
1061 707 1154 801 porci
1359 761 1360 792 ,

280 817 449 889 Omerita?
465 833 503 887 ut
515 816 632 903 video,
647 814 777 884 nullum
792 815 972 886 discrimen
986 815 1174 886 habendum
1188 827 1242 883 est
1359 853 1360 856 ¹

279 929 417 1023 Effigies
433 929 520 996 inter
532 941 678 1013 vestras,
694 939 904 1020 statuamque
917 922 1058 1020 Vagelli.
1068 953 1086 989 u

330 1040 473 1131 Accipe,
489 1062 563 1130 que
578 1050 698 1105 contra
712 1034 818 1104 valeat
831 1034 948 1105 solatia
964 1035 1068 1122 ferre,

279 1152 325 1219 Et
340 1148 399 1241 qui
416 1153 478 1216 nec
493 1146 656 1240 Cynicos,
673 1151 737 1214 nc'o
749 1145 862 1216 Stoica
874 1145 1032 1239 dogmata
1045 1141 1127 1238 legit

278 1260 312 1330 A
322 1256 457 1349 Cynicis
470 1256 584 1324 tunica
598 1255 770 1341 distantia,
784 1280 853 1324 non
868 1254 1052 1349 Epicurum

280 1367 428 1459 Suspicit
442 1367 554 1461 exigui
567 1364 680 1436 laetum
696 1365 904 1460 plantaribus
920 1365 1023 1434 horti.

280 1479 452 1564 Cureutur
465 1475 558 1544 dubii
575 1473 715 1544 medicis
734 1474 918 1566 majoribus
935 1474 1036 1567 regri3

279 1587 334 1653 Tu
346 1611 465 1656 venam
479 1584 531 1654 vel
545 1584 710 1680 discipulo
726 1586 898 1654 committe
911 1583 1068 1677 Philippi.
1299 1591 1337 1643 1²⁵

279 1695 318 1765 Si
332 1695 463 1765 nullum
479 1697 515 1764 iu
527 1697 623 1766 terris
636 1711 705 1764 tarn
720 1692 913 1764 detestabile
926 1694 1052 1765 factum

280 1805 455 1895 Ostendis,
474 1823 587 1893 taceo;
610 1831 673 1875 nec
688 1806 810 1900 pugnis
824 1805 952 1874 caedere
966 1818 1085 1898 peetus

280 1913 330 1982 Te
344 1928 436 2000 veto,
455 1940 519 1984 nec
534 1912 633 2008 plana
647 1913 765 1983 faciem
783 1914 992 1982 contundere
1004 1912 1132 2008 palma,

280 2022 564 2116 Quandoquidem
579 2036 719 2114 accepto
733 2018 919 2092 claudenda
932 2038 981 2092 est
996 2024 1101 2117 janua
1114 2021 1255 2107 damno,

280 2135 326 2202 Et
339 2134 467 2226 majore
480 2131 601 2202 domus
613 2131 757 2228 gemitu,
777 2130 905 2224 majore
919 2132 1065 2202 tumultu
1295 2141 1334 2194 13⁰

283 2238 496 2337 Planguntur
511 2243 625 2330 numi,
640 2266 740 2336 quam
755 2240 885 2312 funera.
900 2244 1009 2313 Nemo
1022 2240 1175 2310 dolorem

279 2352 394 2447 Fingit
406 2353 441 2421 in
457 2353 523 2422 hoc
537 2377 632 2439 casu,
646 2367 771 2422 vestem
786 2351 951 2421 deducere
968 2373 1131 2420 summam

279 2558 408 2620 tantem,
424 2568 479 2607 nec
492 2550 573 2607 labra
582 2551 694 2608 moreat
710 2559 740 2605 at
752 2547 834 2623 loqui
845 2557 874 2606 et
889 2548 1047 2605 exclamare
1058 2557 1156 2615 certe,
1172 2546 1279 2601 licerer
1288 2552 1333 2592 art

280 2637 422 2697 conflatus
435 2653 486 2698 aut
495 2662 655 2712 marmore,
669 2641 827 2700 debueras:
841 2658 894 2697 cur
905 2659 976 2716 ergo
988 2639 1025 2696 ad
1034 2657 1097 2696 ares
1106 2638 1161 2694 tibi
1172 2641 1332 2695 consecrati⁵

278 2730 336 2804 piis
349 2732 438 2789 effusa
456 2735 562 2792 dranis
575 2736 723 2792 adolemus
743 2735 842 2801 thura,
858 2750 911 2787 cur
921 2731 1006 2788 vituli
1025 2742 1107 2801 exta,
1120 2729 1252 2787 intestina
1263 2719 1332 2800 porri

278 2818 366 2876 obesa
379 2820 569 2893 immolamus,
578 2824 603 2880 si
612 2825 769 2880 bacinulta
777 2822 903 2898 pateris?
913 2823 960 2881 Sic
971 2833 1028 2892 est,
1037 2823 1110 2878 nihil
1119 2820 1330 2880 vesuadeorum

278 2919 377 2966 statuar
392 2913 543 2987 evagellii
552 2913 653 2970 statuis
665 2912 838 2969 differrant.»

321 3021 386 3060 rao.
407 3006 449 3059 Ita
462 3015 496 3060 tu
511 3005 629 3080 quidem
640 3007 767 3079 Superos
777 3004 888 3060 incusas
899 3025 908 3061 ε
921 3003 987 3062 audi
996 3003 1122 3061 vicissim
1137 3003 1262 3060 rationes
1276 2995 1330 3073 qui·

276 3095 332 3150 bus
354 3104 436 3150 tuum
455 3096 543 3152 solari
562 3096 709 3166 dolorem,
730 3107 760 3152 et
780 3099 910 3171 querelas
932 3115 1113 3171 compescere
1132 3095 1260 3152 conabor
1274 3107 1330 3166 egos

277 3186 330 3263 qui
342 3205 437 3261 neque
456 3187 631 3263 Cynicorum
648 3188 760 3244 scholas
776 3187 975 3262 frequentavi,
998 3207 1093 3262 neque
1113 3185 1225 3262 perlegi
1245 3181 1332 3261 placita

277 3278 460 3350 Stoicorum,
481 3298 555 3354 quos
575 3279 671 3335 tunica
685 3290 797 3335 tantum
817 3280 910 3338 forma
927 3281 1067 3355 disparet
1085 3279 1230 3336 dissimilis
1241 3275 1330 3335 distin-

276 3371 367 3448 guita
380 3371 512 3447 Cynicis3
526 3389 620 3446 neque
633 3368 789 3445 Epicurum
798 3372 929 3430 admiror
942 3373 1069 3430 oleribus
1083 3372 1198 3429 hortuli
1209 3372 1252 3428 sui
1262 3365 1332 3426 victi·

276 3474 339 3520 tare
356 3463 481 3520 solitum.
502 3462 617 3539 AEgroti
633 3463 817 3540 gravioribus
830 3463 969 3540 implicati
981 3463 1091 3522 morbis
1111 3464 1266 3522 adhibeant
1277 3474 1329 3518 sant

276 3556 405 3614 medicos
426 3557 661 3633 praestantiores:
686 3567 721 3614 tn
741 3558 837 3614 curari
857 3559 936 3614 sela
960 3557 1086 3632 Philippi
1106 3557 1248 3632 discipulo
1267 3559 1330 3610 rorte

274 3647 376 3719 possis.
388 3647 421 3703 Si
434 3650 546 3706 nullum
559 3648 669 3706 lacinus
684 3647 814 3706 interris
829 3648 911 3706 vides
925 3667 990 3706 cum
1004 3648 1053 3704 illa
1067 3647 1111 3704 tui
1127 3647 1212 3703 amici
1225 3641 1329 3721 perfidia

275 3739 515 3811 comparandum,
526 3741 601 3798 nibil
614 3759 717 3798 caussae
733 3739 816 3807 dieo,
830 3741 903 3816 quin
913 3739 1001 3798 dedas
1015 3751 1045 3797 te
1058 3738 1174 3814 penitus
1190 3737 1295 3806 dolori,
1307 3741 1329 3788 ei

274 3838 377 3902 pectus
390 3849 423 3885 ac
436 3835 551 3889 vultum
561 3845 684 3909 utraque
696 3851 785 3890 manu
794 3832 937 3908 percutias
947 3851 980 3888 ac
994 3830 1128 3900 dilanies;
1144 3830 1218 3904 quin
1225 3830 1328 3886 domum

274 3933 354 3978 tuam
374 3922 521 3992 occludas,
541 3936 575 3980 ut
591 3925 626 3980 tit
645 3926 677 3981 in
694 3943 807 3982 summo
825 3925 906 3982 luctu
921 3935 950 3981 et
970 3922 1120 3980 itineribus
1140 3932 1327 3997 parentante

273 4012 526 4088 propinquorum,
540 4034 604 4089 quae
618 4017 712 4072 minus
726 4018 845 4074 moleste
858 4014 1041 4093 graviterque
1057 4015 1179 4086 toleras,
1195 4031 1276 4090 quam
1287 4026 1326 4084 pr

276 4106 366 4166 cuniae
373 4105 532 4181 jacturam,
545 4107 606 4163 baec
615 4106 689 4163 enim
701 4126 762 4164 nou
773 4107 906 4166 simulato
917 4125 1040 4166 moerorc
1050 4105 1184 4180 defletur,
1194 4125 1254 4164 uon
1263 4111 1327 4160 reste
