2784 4917
136 348 192 416 IN
217 346 450 415 sarmati
474 342 723 411 DECIMAM
744 345 998 430 QUINTAM.
1044 352 1106 429 ior

36 458 104 529 iuro,
117 481 242 515 summum
254 463 416 529 culipartem
430 478 462 515 ac
474 460 612 532 regionem
623 456 720 513 mundi
733 473 899 532 occupante,
911 474 1043 535 perpetuo
1057 463 1111 517 iul-

36 558 108 614 gente
117 556 262 617 totumque
272 542 405 597 muudum
417 554 538 615 regente,
549 554 720 615 permeante,
730 543 882 603 snimmte.
896 544 1066 613 vivificante,
1078 565 1111 601 ex

37 645 86 698 quo
92 629 190 682 animer
199 627 432 698 etiarn,tanquam
439 626 578 699 particular
587 624 721 697 decerpte
727 645 773 680 seu
782 627 881 681 avulsa
890 627 1113 702 (armaque),

37 730 167 779 emanare,
179 724 207 767 et
217 712 247 765 in
255 729 337 785 quens
347 722 411 783 post
421 722 524 764 certum
535 723 641 781 tempus
656 708 767 763 retundi
778 710 963 783 putabantur:
973 730 1034 785 qno
1048 731 1113 767 con·

36 806 102 847 stans
112 807 138 848 et
147 795 303 849 communis
313 792 365 847 fuit
373 792 469 865 opinio
477 794 653 865 antiquorum
659 794 744 847 totius
750 795 869 848 Orientis
876 794 1116 868 philosophorum,

39 877 100 948 iupr.
112 876 306 951 Egyptioruns
319 878 330 946 (
341 894 456 949 quorum
467 878 562 928 Platiae
575 875 628 929 luit
638 876 793 949 symbolu-
801 878 885 952 hujus
895 878 965 951 ignis
972 880 1118 937 elementa·

39 962 71 1014 ris
83 974 108 1015 et
123 962 271 1025 naturalis,
282 973 312 1015 ut
323 952 443 1031 fiqasrrcr
455 973 483 1014 et
495 964 621 1013 Vulcanus
634 961 710 1034 apud
723 961 831 1016 Grecos
845 974 873 1015 et
885 965 1039 1032 Romanos,
1049 984 1119 1039 quo·

40 1062 93 1097 rum
106 1056 197 1099 tamen
211 1044 350 1116 theologia
368 1042 489 1117 mythice
507 1040 608 1097 deinde
624 1040 722 1097 sb'iuo
739 1044 802 1116 igne
819 1041 855 1098 ad
869 1045 1055 1113 artificialem,
1071 1049 1121 1122 qni

41 1128 145 1179 metallis
160 1125 311 1182 fundendis
324 1124 507 1199 parandisque
518 1124 672 1191 adhibetur,
687 1126 800 1200 delapsa
810 1140 863 1191 est,
876 1143 903 1181 et
913 1128 996 1202 hujus
1010 1131 1120 1205 pot'ass,

42 1228 115 1281 qnam
130 1212 206 1265 illins
224 1212 359 1265 rationem
371 1210 471 1263 hahuit
480 1212 502 1279 ),
515 1226 548 1263 ac
561 1210 739 1276 Graecorum,
756 1223 784 1264 et
796 1209 909 1284 quidem
919 1204 1056 1289 praecipue
1068 1216 1123 1269 Or·

45 1297 190 1369 phiocrum,
200 1298 454 1371 Pythagoreorum,
463 1296 626 1350 Stoicorum.
638 1305 645 1331 ¹
657 1293 713 1350 Sed
722 1293 756 1349 de
764 1296 873 1368 vulgari
881 1298 972 1370 potius
982 1300 1056 1370 igni,
1067 1318 1124 1354 non

46 1380 75 1436 de
89 1385 204 1437 ethereo
219 1384 284 1445 illo,
299 1382 342 1437 vel
356 1395 455 1436 natura
468 1380 582 1435 aetherea
594 1392 621 1434 et
632 1380 727 1452 ignea,
736 1398 796 1453 que
805 1381 900 1435 animae
912 1382 1009 1437 mundi
1022 1382 1127 1439 tribue·

45 1468 125 1537 batur,
138 1468 274 1543 cogitasse
285 1480 412 1541 poetam,
426 1485 458 1521 ex
472 1484 511 1520 ss.
524 1466 574 1530 85,
584 1466 758 1538 intelligitur.
773 1468 971 1522 Valerianum
986 1482 1034 1523 snt
1044 1474 1129 1539 pollui

47 1550 198 1607 dicebantur
218 1552 313 1607 omnia
328 1570 372 1615 ea,
392 1569 452 1624 que
468 1550 512 1604 vel
533 1550 562 1605 in
579 1550 699 1605 alienum
714 1548 903 1623 nefariumque
921 1548 1126 1609 adhibebantur

47 1652 130 1703 nsum,
142 1638 185 1691 rel
203 1636 317 1693 archus
331 1633 541 1706 hominibusque
556 1632 673 1687 scelestis
687 1646 777 1687 etant
793 1634 906 1707 physice
922 1649 971 1689 ant
987 1638 1127 1691 moraliter

50 1718 152 1791 impuris
160 1719 402 1792 contingebantur,
411 1717 439 1770 iu
451 1716 546 1789 primis
555 1734 597 1770 res
607 1735 690 1770 sacra
699 1717 787 1789 (ignis
796 1737 861 1772 vero
870 1723 958 1776 Vesta
966 1733 993 1773 et
999 1722 1127 1775 Vulcano

51 1820 116 1856 sacer
126 1806 209 1875 erat),
223 1816 253 1858 et
270 1806 406 1868 elementa,
425 1818 481 1867 aer,
495 1820 565 1873 aqna
577 1812 604 1855 et
616 1800 701 1872 ignis,
715 1801 815 1873 quibus
830 1820 874 1855 res
889 1801 1002 1875 impura
1015 1804 1128 1877 purgari

52 1886 201 1961 lustrarique
221 1888 348 1943 solebant
367 1898 394 1939 et
414 1904 446 1939 ex
461 1886 561 1959 quibus
582 1885 674 1939 omnia
693 1883 876 1940 credebantur
893 1898 957 1940 nata
970 1906 1041 1955 esse,
1054 1888 1128 1941 uude

52 1970 122 2023 etiam
136 1972 205 2025 inter
217 1989 262 2026 res
277 1988 366 2025 sacras
375 1970 556 2023 habebantur.
568 1978 579 2005 ²
591 1970 652 2023 Huc
662 1982 768 2043 spectat
778 1969 854 2023 locus
866 1970 960 2023 notiss.
975 1971 1033 2025 Cio.
1044 1973 1125 2025 llosc.

55 2052 103 2106 lm.
111 2072 133 2107 c.
147 2056 189 2120 ab,
201 2052 236 2109 de
248 2052 401 2107 Parricidia.
412 2054 563 2107 Farnabius
577 2052 701 2107 laudavit
711 2052 795 2107 verba
806 2054 892 2109 Persa
904 2054 978 2109 illins
992 2055 1021 2108 in
1030 2054 1126 2129 Epiqr.

56 2135 196 2193 Dioscorid.
207 2136 319 2192 Anthcl.
330 2137 378 2191 lib.
389 2137 444 2197 111.
457 2154 516 2209 cap.
532 2136 577 2199 1³,
591 2131 653 2207 padi
663 2136 746 2207 nativas
756 2142 807 2208 Πῦρ
821 2138 861 2189 la'
870 2138 932 2209 ἐμοί.

87 2234 150 2287 Nor.
169 2236 213 2289 85.
234 2234 304 2289 Vid.
324 2233 359 2287 ad
372 2234 423 2299 IV,
438 2232 498 2287 133.
517 2232 610 2285 Verba
628 2245 719 2286 autem
732 2233 761 2287 b.
778 2234 833 2288 loc.
852 2235 982 2306 languere
994 2234 1132 2303 ridentur,

58 2316 94 2367 sel
113 2316 331 2391 intempestivum
351 2316 481 2377 doctrina
501 2313 668 2369 ostentanda
686 2314 808 2369 studium
830 2317 954 2389 pandere.
976 2320 1031 2373 Sed
1053 2334 1134 2394 poeta

59 2396 117 2455 lorte
133 2402 255 2459 tabulam
270 2402 346 2457 illam
359 2419 521 2473 omnemque
534 2399 614 2453 simul
627 2411 749 2455 veterana
767 2398 921 2455 doctrinam
932 2400 968 2455 de
980 2396 1078 2457 ur'orsli
1091 2424 1134 2459 re·

60 2500 161 2558 rumque
176 2506 316 2542 sacrarum
338 2485 508 2559 pollutione,
526 2482 561 2535 de
579 2483 734 2545 elementis,
752 2495 882 2555 tanquam
901 2487 983 2538 rebus
998 2488 1098 2553 sacris,
1117 2508 1133 2543 e

60 2569 146 2637 quibus
160 2572 252 2625 omnia
267 2571 321 2623 sint
337 2582 401 2623 nata
418 2580 445 2623 et
461 2567 560 2639 quibus
570 2566 696 2619 lustratio
708 2564 773 2631 flat,
784 2565 876 2619 forsan
890 2578 918 2620 et
928 2566 1035 2640 deique
1049 2572 1132 2627 ethe-

62 2668 113 2717 reo,
122 2654 148 2707 h.
160 2655 213 2709 loc.
224 2653 315 2709 ridere
325 2652 422 2708 voluit.
436 2652 535 2705 Faceta
545 2660 617 2702 certe
630 2660 694 2701 sunt
708 2648 804 2715 verba,
819 2652 937 2701 elemento
944 2654 1132 2723 grasctcrsssoa

64 2746 108 2797 est,
120 2736 188 2807 iqui',
205 2736 285 2811 quod
302 2755 357 2790 uon
370 2735 489 2789 violatus
502 2733 537 2787 ait
545 2732 568 2801 )‚
581 2746 605 2783 et
615 2746 655 2796 se,
666 2730 778 2798 Volusi,
790 2750 898 2787 mecum
913 2739 1041 2789 exsatura
1055 2759 1129 2796 reor:

64 2816 138 2869 multo
156 2831 246 2873 autem
265 2818 410 2885 facetiora,
426 2817 449 2871 si
459 2815 589 2871 Volusius
602 2814 654 2869 luit
665 2813 848 2891 philosophus
866 2817 911 2874 ael
928 2818 1049 2876 imbutus
1062 2836 1134 2879 001oe

66 2898 224 2971 opinionibus
238 2900 302 2958 illis.

95 3046 155 3098 Vsa.
173 3052 214 3113 ⁸7·
232 3053 285 3103 Sed
294 3066 350 3118 quae
363 3046 409 3119 (sc.
420 3048 502 3115 turba,
515 3067 552 3101 vs.
562 3048 607 3121 tr)
618 3044 718 3103 esnend.
731 3052 861 3105 Schrader.

96 3140 177 3199 lass.
197 3146 313 3218 ⁸7-92·
334 3146 403 3213 Quis
416 3146 481 3201 talia
495 3145 554 3201 fleri
566 3164 646 3220 posse
655 3146 709 3201 sibi
718 3145 894 3221 persuadeat,
909 3147 962 3202 nisi
976 3168 1009 3203 ex
1019 3146 1136 3205 historia

69 3236 205 3293 constaret,
220 3229 313 3303 quoad
326 3229 455 3303 progredi
467 3242 548 3305 queat
559 3232 744 3288 inhumanitas
758 3246 784 3287 et
794 3233 871 3287 furor
885 3234 996 3301 mentis,
1011 3253 1081 3288 ceno
1091 3253 1135 3289 re·

72 3300 167 3373 ligionis
185 3308 283 3366 ardore
300 3310 432 3367 incensae?
453 3317 576 3367 &retiam
595 3312 707 3382 dicitnr,
728 3316 776 3389 qui
794 3330 885 3391 polest
904 3315 1009 3390 aliquid
1023 3317 1094 3372 terre
1109 3327 1137 3371 et

72 3383 157 3446 deinde
167 3392 202 3449 ah
212 3398 303 3451 animo
313 3416 361 3451 suo
374 3396 517 3471 impetrare
530 3398 600 3470 (siclt
613 3398 789 3468 ibeuviadm,
802 3397 854 3452 sici
863 3402 1062 3469 esesettiessen),
1072 3400 1137 3453 hinc

73 3473 172 3545 tudere,
183 3480 226 3535 vel
240 3482 338 3537 valere.
352 3482 432 3537 cont.
447 3483 527 3549 XIV,
545 3500 604 3555 ιη.
622 3484 746 3538 Verbum
762 3484 932 3557 aptissimum
948 3482 997 3536 tali
1009 3482 1138 3549 facinori,

74 3557 139 3628 mill!
150 3564 324 3639 perpetrandi
334 3564 479 3622 consilium
487 3586 544 3623 non
554 3568 606 3621 nisi
618 3564 654 3621 ab
664 3586 696 3623 eo
707 3568 769 3643 capi
780 3579 881 3643 potest,
892 3568 940 3641 qui
948 3585 1056 3621 omnem
1065 3570 1140 3623 exuit

484 3724 718 3752 mmmm

107 3838 114 3865 ¹
132 3836 199 3888 Coul'.
209 3841 288 3894 Cicer.
299 3840 416 3892 Academ.
427 3844 520 3907 Quart.
530 3845 576 3903 IV,
621 3854 680 3891 torn.
692 3843 733 3903 11,
746 3858 802 3908 pag.
814 3842 840 3905 5,
852 3845 879 3905 o,
890 3854 917 3894 et
928 3844 978 3910 ³98
993 3863 1045 3913 seq.
1057 3851 1141 3916 nequ.

79 3912 116 3971 373
129 3910 247 3972 Plutarch.
261 3924 292 3973 de
303 3924 387 3973 Placit.
399 3924 493 3973 Philus.
507 3922 574 3984 1,3;
621 3922 681 3969 Exn.
702 3922 781 3981 xm,
795 3922 828 3971 ad
843 3924 917 3991 Virq.
935 3928 1034 3979 Enaid.
1046 3933 1092 3981 Vl.
1106 3950 1143 3969 -·

78 3990 172 4057 Diogen.
187 4002 266 4054 laert.
278 4006 357 4067 Vlll,
370 4007 417 4064 26;
427 4002 559 4053 lablonsls'
566 4038 574 4061 ,
621 4001 687 4051 Edit.
701 4013 767 4052 nost.
775 4005 825 4053 rol.
836 4006 890 4067 111,
900 4023 956 4073 paq.
969 4012 1021 4074 s39
1033 4026 1087 4076 sqq.
1098 4011 1145 4057 En.

78 4068 154 4125 lauth,
166 4080 260 4148 Egypt
273 4084 317 4135 lib.
326 4088 352 4147 1,
364 4102 420 4151 cap.
431 4100 445 4135 a
457 4122 464 4145 ,
478 4095 538 4135 tom.
549 4086 578 4147 1,
659 4088 670 4114 ²
688 4083 762 4134 cont
772 4086 854 4153 lleyn.
863 4086 897 4137 ad
904 4089 976 4154 Virg.
985 4090 1082 4139 Eneid.
1090 4089 1142 4144 111,

78 4160 126 4213 1¹¹8·
141 4162 255 4225 lsi-523
272 4164 424 4215 llerrnrsnui
436 4163 577 4232 Mytholoq.
625 4164 690 4223 stt:
700 4166 737 4213 Vl
748 4202 756 4227 ,
768 4176 820 4230 pto
833 4183 885 4232 seq.
898 4178 922 4217 ct
932 4169 994 4229 Vll,
1007 4180 1065 4229 stt.

199 4242 243 4309 11.
971 4249 1014 4313 26
