2784 4917
182 442 191 464 1
247 391 427 458 suurltit
444 391 639 458 DECIMA
655 393 855 462 TERTIA.
1016 407 1078 484 243

29 513 89 578 llos
100 508 276 578 bominum
289 507 471 601 divumque
487 507 585 576 fidem
602 505 748 577 clamore
764 511 903 598 ciemus,

29 620 147 706 Quanto
166 619 346 690 Faesidium
363 616 476 687 laudat
491 616 614 687 vocalis
629 634 784 714 agentem

29 729 178 822 Sportula.
194 731 263 799 Dic
276 729 387 798 senior
400 725 491 797 bulla
504 728 716 823 dignissime,
734 733 855 818 nescis,

31 839 106 928 Quas
123 842 244 912 babent
257 843 405 911 Veneres
423 839 527 908 aliena
544 839 708 934 pecunia?
726 843 849 930 nescis,

31 949 124 1035 Quem
140 966 199 1020 tua
217 950 410 1045 simplicitas
427 951 532 1019 risum
551 951 652 1046 vulgo
671 969 819 1039 moveat,
839 979 944 1048 quum
1050 978 1083 1031 35

32 1062 126 1155 Exigis
139 1087 158 1130 a
173 1085 366 1156 quoquam,
384 1085 428 1130 ne
445 1062 585 1155 pejeret,
604 1077 638 1130 et
653 1077 749 1157 putet
765 1062 839 1135 ullis
915 1056 919 1064 ⁴

33 1175 97 1241 Esse
110 1174 248 1269 aliquod
265 1199 391 1243 numen
408 1172 541 1268 templis
559 1199 691 1269 araeque
711 1177 867 1248 rubenti?
914 1159 918 1170 Ι

34 1283 194 1369 Quondam
212 1287 278 1354 hoc
292 1284 457 1380 indigenae
471 1285 630 1354 vivebant
644 1311 755 1369 more,
774 1288 969 1384 priusquam

35 1393 165 1462 Sumeret
177 1408 342 1489 agrestem
356 1396 464 1490 posito
479 1393 663 1464 diademate
677 1393 794 1474 falcem

36 1503 177 1572 Saturnus
195 1504 345 1598 fugiens;
363 1501 462 1590 tunc,
480 1529 586 1599 quum
599 1499 800 1596 virguncula
810 1508 917 1594 Junc,
1052 1533 1084 1589 ro

37 1613 70 1679 u
84 1615 227 1706 privatus
242 1613 355 1684 adhuc
370 1615 468 1685 tdaeis
483 1615 616 1708 Jupiter
632 1615 746 1682 antris.

37 1720 119 1789 Nulla
134 1749 236 1818 super
250 1721 356 1792 nubes
371 1724 525 1792 convivia
538 1721 790 1810 Caelicolarum,

38 1831 96 1900 Nec
107 1858 187 1927 puer
200 1829 338 1917 Iliacus,
354 1833 501 1900 formosa
515 1857 578 1901 nec
591 1833 746 1902 Herculis
763 1859 847 1903 uxor
911 1857 913 1862 ·

39 1941 78 2007 ld
92 1945 240 2036 cyathos,
259 1958 293 2011 et
305 1943 376 2035 jam
394 1937 519 2012 siccato
535 1957 669 2011 nectare
686 1957 821 2040 tergens

38 2051 155 2120 Brachia
169 2049 343 2120 Vulcanus
359 2053 511 2142 Liparaea
529 2041 790 2143 nigra'taberna.
1054 2068 1086 2128 45

27 2163 206 2269 ‘Prandebat
221 2161 284 2230 sibi
302 2159 443 2254 quisque
459 2153 568 2242 Deus,
587 2149 652 2226 nec
668 2159 766 2227 turba
781 2159 930 2230 Deorum

38 2269 124 2356 ratis,
138 2287 177 2340 ut
192 2282 242 2338 est
255 2267 369 2355 hodie,
386 2280 609 2361 contentaque
622 2267 731 2336 sidera
744 2270 859 2362 paucis

41 2488 118 2536 unen
135 2481 279 2554 Superum
296 2474 505 2548 bominumque
526 2473 614 2531 fidem
633 2474 823 2548 imploramus
847 2475 972 2533 clamore
992 2485 1088 2550 tanto,

42 2583 159 2644 quantum
172 2569 262 2627 edere
275 2568 370 2626 solent
381 2567 497 2624 venales
511 2566 625 2622 Faesidii
643 2567 776 2636 clientes,
798 2585 886 2640 quum
901 2568 944 2624 illi
956 2570 1045 2628 verba
1059 2573 1090 2628 in

41 2663 94 2720 loro
106 2661 218 2725 facienti
236 2659 423 2735 applaudunt.
441 2661 560 2735 Ignoras
577 2658 698 2726 scilicet,
715 2675 734 2714 o
749 2658 826 2713 bone
840 2675 938 2730 senex,
959 2673 988 2716 et
1002 2661 1089 2738 digne

42 2753 79 2810 nii
94 2755 284 2831 appendetur,
299 2764 332 2809 ut
353 2750 464 2827 pueris,
484 2769 500 2808 e
516 2750 592 2806 collo
606 2750 703 2817 bulla,
726 2749 857 2824 ignoras,
873 2749 1002 2826 inquam,
1020 2773 1089 2830 quas

41 2847 116 2904 aliena
130 2847 253 2923 pecunia
270 2844 418 2902 illecebras
439 2844 555 2911 babeat,
576 2853 606 2898 et
622 2861 681 2916 quo
700 2841 759 2898 risu
781 2841 990 2916 simplicitatem
1011 2855 1090 2904 tuam

42 2939 153 2996 honines
163 2948 391 3015 prosequantur,
414 2954 504 3009 quum
519 2956 535 2990 a
551 2934 685 3009 quopiam
702 2935 842 3010 postulas,
861 2955 898 2992 ne
912 2923 1013 2993 falsum
1024 2939 1090 3012 jus-

40 3033 177 3104 jurandum
194 3032 289 3098 dicat,
310 3029 448 3086 et‘ioesse
461 3027 559 3084 eredit
577 3027 701 3100 aliquam
715 3027 774 3083 vim
790 3027 915 3086 divinam
930 3033 1044 3105 templis
1061 3044 1091 3090 et

41 3125 160 3183 altaribus
169 3123 353 3182 victimarum
361 3120 500 3196 sanguine
510 3118 630 3175 infectis.
644 3121 710 3176 Haec
721 3139 787 3176 sune
800 3121 941 3195 probitas,
955 3123 985 3177 hi
995 3142 1090 3182 mores

41 3227 109 3272 erant
121 3217 217 3274 usitati
230 3214 308 3291 apud
318 3213 428 3288 primos
437 3211 525 3268 ltaliae
537 3213 663 3292 incplos,
677 3224 828 3287 antequam
841 3215 981 3271 Saturnus
999 3235 1089 3292 regno

41 3308 140 3378 pulsm,
165 3321 193 3367 et
213 3311 317 3365 lovem
338 3306 470 3381 lugiens,
492 3323 547 3378 pro
568 3316 681 3379 sceptro
706 3306 806 3362 falcem
828 3309 993 3364 messoriam
1016 3309 1090 3364 acci-

42 3413 124 3471 peret3
138 3421 227 3476 quum
242 3399 337 3476 puella
352 3400 444 3467 Jnn03
455 3415 545 3471 quum
562 3397 685 3471 Jupiter,
703 3398 834 3454 nondum
852 3417 948 3454 rerum
965 3399 1090 3473 potitus,

42 3492 165 3563 privatam
187 3493 219 3548 iu
240 3491 336 3565 aliquo
358 3489 466 3546 montis
486 3489 546 3544 ldae
568 3491 700 3564 spelunca
724 3489 813 3544 vitum
837 3490 972 3564 degeret;
998 3509 1090 3564 quum

42 3585 119 3640 nullas
135 3586 163 3640 in
187 3585 257 3641 caelo
280 3601 447 3640 communes
468 3582 635 3639 solemniter
654 3584 751 3657 epulas
772 3578 876 3655 Superi
896 3583 1091 3656 celebrarent,

42 3675 152 3733 necdum
174 3675 371 3753 Ganymedes,
396 3673 473 3730 filius
493 3673 597 3744 Trois,
618 3685 668 3730 aut
690 3675 787 3742 Hebe,
814 3673 939 3730 formosa
960 3677 1091 3735 Herculis

42 3785 118 3839 uror,
138 3772 288 3828 miscerent
301 3769 359 3826 illis
376 3768 495 3844 pocula3
514 3787 568 3825 nec
584 3785 600 3823 e
616 3765 707 3822 furvis
723 3759 914 3840 Liparaeorum
934 3763 1092 3828 insularum

41 3863 119 3917 antris
132 3880 296 3940 progressus
308 3861 453 3917 Vulcanus
468 3860 507 3916 ad
524 3859 645 3915 celestes
659 3857 720 3914 illus
736 3857 851 3932 epulas,
869 3860 962 3916 multo
977 3871 1091 3918 nectare

41 3949 149 4023 hausto,
174 3956 254 4010 labra
277 3951 425 4010 bumentia
445 3949 569 4009 brachiis
591 3950 681 4026 nigris
704 3950 912 4026 abstergeret:
935 3953 1091 4028 unnsquis-

42 4060 91 4116 que
111 4047 226 4104 deorum
249 4048 329 4104 domi
351 4065 408 4102 suae
425 4043 561 4121 privatim
579 4044 728 4099 coeuabat:
746 4063 805 4099 non
826 4056 881 4100 torn
905 4062 1091 4102 numerosum

43 4147 98 4193 ent
111 4139 294 4200 celicolarum
328 4139 373 4197 uti
392 4125 481 4202 mode
498 4147 551 4214 est,
573 4152 691 4214 agmen3
708 4147 736 4195 et
752 4136 831 4196 orbis
848 4136 976 4195 sidereus
994 4133 1091 4210 perrois

907 4227 957 4291 16.
