2784 4917
43 353 651 388 mmmmm-mm
656 361 1069 388 mmmm

126 623 453 740 SATIRA
496 627 987 747 UNDECIMA.

39 1125 200 1236 lii-rmus
214 1165 332 1234 eximie
348 1165 376 1233 si
395 1177 520 1250 coenat,
536 1161 645 1232 lautus
660 1163 819 1253 habetur3

36 1270 65 1335 Si
82 1269 225 1358 Rutilus,
244 1273 383 1344 demens
399 1273 505 1368 :quid
527 1275 617 1342 enim
638 1275 764 1368 majore
780 1278 946 1350 caehinno

38 1382 196 1476 Excipitur
210 1383 317 1478 vulgi,
337 1409 437 1478 quam
455 1408 586 1480 pauper
602 1384 762 1478 Apicius?
778 1388 887 1456 omnis

37 1492 223 1582 Convictus,
242 1495 397 1581 thermae,
414 1495 587 1582 stationes,
604 1519 706 1564 omne
723 1495 889 1566 theatrum

38 1602 82 1670 De
96 1604 223 1676 Rutilo:
240 1609 318 1674 na'm
334 1606 416 1674 dum
432 1603 541 1672 valida
558 1629 596 1672 ae
611 1602 777 1698 juvenilia
792 1608 944 1676 membra
1077 1627 1092 1678 5

38 1710 201 1784 Sufficiunt
215 1713 333 1810 galeae,
351 1715 500 1808 dumque
515 1713 635 1784 ardent
651 1715 832 1810 sanguine,
849 1716 967 1804 fertur,
1035 1789 1041 1800 ,

40 1822 109 1888 Non
120 1839 258 1919 cogente
274 1825 430 1918 quidem,
448 1823 505 1894 sed
522 1849 586 1892 nec
601 1823 803 1920 prohibente
820 1826 973 1914 tribuno,

38 1931 215 2027 Scripturus
230 1933 319 2029 leges
336 1950 370 2003 et
385 1936 474 2030 regia
491 1935 591 2003 verba
606 1933 743 2003 lanistae.

40 2040 150 2113 Multos
164 2069 267 2140 porro
281 2044 387 2130 vides,
403 2069 488 2138 quos
505 2069 593 2139 saepe
613 2043 723 2112 elusus
740 2044 781 2112 ad
797 2046 908 2140 ipsum

40 2151 179 2223 Creditur
195 2155 372 2224 introitum
390 2153 473 2223 solet
491 2168 684 2249 exspectare
700 2153 845 2242 macelli,
1065 2187 1097 2222 ιο

41 2262 76 2327 Et
88 2264 199 2357 quibus
216 2266 251 2334 in
266 2264 338 2336 solo
357 2264 493 2335 vivendi
513 2289 612 2334 causa
627 2263 739 2359 palato
753 2281 812 2334 est.

42 2372 185 2468 Egregius
201 2390 314 2446 coenat
329 2375 518 2470 meliusque
536 2377 744 2448 miserrimus
760 2377 899 2453 horum,

43 2484 76 2550 Et
90 2486 153 2555 cito
167 2511 303 2556 casurus
317 2488 388 2582 jam
403 2485 598 2582 perlucente
612 2487 720 2556 ruina.

274 2692 385 2730 “Tul
401 2691 568 2732 unorum
582 2689 842 2730 santumnium.

74 2787 102 2842 Sr
113 2789 221 2846 Atticus
231 2792 365 2865 epuletur
376 2789 510 2866 opipare,
523 2791 613 2845 homo
625 2790 793 2864 splendidus
805 2801 833 2846 et
843 2789 1011 2868 magnificus
1023 2794 1098 2851 exis·

42 2877 141 2936 limatur
154 2903 161 2939 ε
176 2883 201 2937 si
216 2883 332 2939 Rutilus
351 2884 408 2938 hoc
422 2871 500 2938 idem
518 2881 599 2950 lacit,
621 2881 785 2937 dementem
799 2883 881 2938 illum
901 2883 1097 2957 praedicamus.

43 2969 108 3038 Quid
123 2974 199 3029 enirn
223 2984 266 3029 est
282 2973 363 3048 quod
379 2973 481 3048 vulgus
497 2973 602 3047 majori
621 2975 763 3030 cachinno
784 2975 907 3049 excipiat
928 2989 1097 3054 carpitque,

42 3079 111 3134 pum
120 3083 275 3140 properem
288 3064 443 3139 Apicium?
456 3067 490 3120 ln
502 3084 554 3120 ore
568 3065 699 3122 omnium
712 3067 827 3123 Rutilus
839 3079 881 3124 est
891 3090 898 3137 3
910 3068 1047 3144 frequens
1062 3071 1099 3127 de

43 3154 82 3210 illo
91 3177 181 3216 sermo
190 3159 221 3213 iu
232 3157 388 3230 conviviis,
400 3157 431 3212 in
441 3157 568 3226 balneis,
581 3161 612 3213 in
623 3159 758 3231 theatro,
772 3159 803 3216 in
814 3161 915 3235 pluteis
930 3173 959 3217 et
972 3181 1100 3219 eonven-

43 3245 121 3306 tibus:
136 3251 245 3324 quippe
259 3249 327 3323 qui,
348 3259 414 3323 post
433 3248 564 3305 fortunus
585 3250 614 3305 in
636 3251 733 3324 ganeis
755 3251 942 3326 dilapidatus,
964 3253 1033 3309 dum
1050 3272 1101 3307 va-

43 3337 83 3394 lidi
93 3361 123 3398 nc
134 3341 284 3415 iuvenales
294 3349 375 3396 artus
386 3340 488 3396 cassidi
499 3340 625 3397 lereudae
641 3361 724 3417 pares
740 3355 820 3412 suut,
839 3353 868 3398 et
880 3343 948 3398 dum
963 3343 1102 3418 sanguine

43 3433 119 3490 tdlruc
129 3435 246 3508 integro
259 3433 390 3503 ferrent,
407 3432 489 3488 vadit
503 3433 540 3490 ed
554 3433 655 3489 ludum
667 3433 891 3510 gladiatorium,
905 3443 938 3488 ut
952 3434 993 3488 ibi
1007 3453 1023 3488 a
1038 3453 1102 3489 mo-

44 3523 117 3595 gistro
132 3527 200 3584 artis
216 3525 356 3584 rationem
372 3525 588 3582 tractandorum
605 3543 772 3594 armorum,
787 3535 815 3580 et
830 3524 984 3597 imperiose
995 3525 1105 3582 ediscat

43 3619 179 3677 scribendo
193 3629 350 3694 praeceptu,
362 3617 467 3692 quibm
481 3617 519 3673 ed
532 3616 673 3673 ludicram
687 3635 815 3691 pugnam
825 3615 935 3671 tirones
944 3617 1105 3674 instituun-

45 3717 95 3778 tur,
109 3711 180 3767 forne
196 3709 315 3784 quidem
329 3709 481 3783 impulsus3
493 3727 554 3764 non
568 3719 683 3764 coactus
699 3727 717 3762 n
729 3706 867 3777 tribuno,
883 3725 944 3764 uon
958 3721 1054 3766 tumen
1065 3711 1105 3766 ab

45 3799 129 3855 rodem
139 3801 313 3876 prohibitus.
325 3801 435 3855 Multos
443 3799 544 3855 videre
557 3809 615 3868 est,
631 3817 705 3872 quos
713 3795 758 3852 sui
768 3795 929 3854 creditores
939 3812 1107 3876 sepenutea

46 3888 154 3966 decepti,
169 3893 363 3968 opperiuntur
373 3892 403 3946 in
418 3891 481 3966 ipso
493 3891 604 3947 macelli
621 3891 703 3946 aditu
715 3907 724 3959 ;
742 3889 794 3964 qui
809 3889 948 3949 videntur
964 3896 1004 3951 ob
1016 3893 1107 3949 unius

47 3985 107 4056 gule
115 4005 223 4043 musam
237 3985 353 4054 vivere,
363 3985 472 4041 scilicet
481 3995 515 4040 ut
526 3983 613 4040 edent
623 4001 655 4038 nc
665 3981 777 4037 bibunt.
794 3984 861 4052 Quo
874 3985 939 4057 quis
951 3981 1109 4040 interillos

48 4087 81 4130 δῖ
89 4079 234 4152 perditior,
248 4089 278 4135 et
287 4077 347 4149 jem
359 4077 484 4152 propior
495 4076 659 4132 imminenti
673 4075 781 4142 ruinae,
797 4093 833 4129 eo
843 4076 945 4130 melius
957 4084 987 4129 et
997 4065 1110 4126 lautius

1174 3627 1384 3973 r*
