2784 4917
236 383 278 453 sla
397 384 570 449 VARIAE
592 382 890 449 LECTIONES
914 384 980 447 ΕΤ
1003 384 1158 451 NOTAE

235 497 362 546 Fabricius
375 499 560 563 Camertium,
572 498 625 551 hoc
636 509 689 560 est,
702 514 763 568 quse
775 496 830 548 sint
840 494 934 549 decem
946 495 1040 567 pondo
1048 510 1076 550 et
1085 496 1210 568 ampliat.
1222 496 1253 548 C.
1263 495 1311 548 F·-

235 580 337 635 bricius
349 583 480 637 Luscinus
490 602 586 637 censor
595 602 668 637 anno
677 584 738 653 478.
752 583 781 635 Ρ.
794 582 954 636 Cornelium
967 582 1110 647 Rufinum,
1122 584 1166 635 bis
1176 582 1313 635 conculam

235 675 263 715 et
272 661 407 719 dictatura
418 666 555 730 sunctum,
568 678 662 721 senatu
672 666 759 719 movit
766 666 803 717 ob
811 665 927 719 luxuria
936 678 1044 731 notam,
1056 664 1131 740 quod
1142 684 1225 719 coenae
1234 664 1314 737 gratia

236 745 330 803 decem
343 749 435 822 pondo
450 752 555 823 argenti
573 751 637 805 facti
652 749 793 804 haberet.¹
810 752 908 801 Notata
919 762 948 804 et
961 764 1039 813 rota,
1053 751 1191 806 vocabula
1208 747 1314 823 propria

239 830 274 885 de
287 835 409 888 censoria
420 834 571 907 ignominia
583 852 616 888 ac
630 851 719 907 poena.

275 978 341 1029 Van.
363 989 421 1039 141.
439 980 486 1043 Et,
507 980 547 1029 15.
563 1006 599 1017 -
617 977 752 1037 Fabn‘tiut,
771 988 821 1042 14,
839 982 890 1039 60,
905 980 955 1040 65,
968 977 1020 1043 vid.
1036 977 1119 1040 adil,
1136 981 1197 1035 154.
1211 1003 1249 1017 ·-
1267 975 1314 1024 ta»

239 1074 289 1120 tat,
311 1066 353 1113 15.

274 1157 346 1209 Nor.
369 1164 427 1221 141.
446 1156 704 1227 Dnofhnes‚robusti
714 1155 784 1211 servi
794 1156 939 1221 lecticarii,
950 1159 983 1207 de
989 1175 1067 1225 grege
1078 1161 1226 1219 ditatorem,
1235 1172 1317 1208 aeno·

240 1258 318 1303 rum,
333 1258 366 1293 ex
376 1242 473 1294 Moesia
483 1239 584 1309 (hodie
595 1239 722 1313 Bnlgaria
730 1251 758 1293 et
766 1239 877 1309 Servia)
889 1240 1005 1293 Romam
1016 1238 1206 1303 advectorum
1218 1255 1280 1289 nam
1289 1255 1319 1289 ex

242 1322 350 1385 Moesia,
364 1322 557 1395 Cappadocia,
571 1324 697 1398 Bithynia
716 1335 743 1375 et
758 1322 838 1395 Syria
853 1322 987 1393 gregatim
1001 1322 1189 1375 afferebantur
1204 1321 1319 1384 venalet;

241 1402 299 1456 vid.
318 1406 449 1477 Biittigeri
467 1406 579 1470 Sabina,
597 1426 660 1479 pag.
677 1413 731 1473 419
748 1417 775 1459 ct
792 1412 844 1469 444
865 1424 921 1477 seq.
938 1408 1025 1468 Masi,
1042 1405 1190 1468 hocloco,
1207 1416 1239 1456 ut
1255 1404 1319 1469 Syri,

247 1490 424 1555 Cappadoces,
440 1502 491 1543 etc.
504 1488 578 1561 apud
592 1491 714 1543 Martial.
731 1492 788 1550 1x,
804 1488 852 1554 23,
869 1508 901 1558 93
917 1490 989 1543 Pers.
1005 1490 1062 1550 vl,
1079 1506 1123 1558 77,
1139 1488 1176 1541 al.
1194 1488 1252 1541 Cot
1261 1503 1319 1541 veto

244 1572 294 1621 duo
307 1580 412 1623 tantum
429 1571 519 1625 servi?
531 1570 655 1625 Modesto
674 1584 760 1645 optat.
772 1570 826 1625 Sed
839 1571 902 1625 vide
915 1570 953 1625 ad
966 1575 994 1637 1,
1010 1575 1055 1634 64.

280 1715 348 1762 Van.
370 1717 428 1773 143.
447 1716 596 1776 Meteonem,
612 1733 652 1778 11,
668 1719 771 1781 15,19,
788 1718 950 1777 11,113,14.
962 1716 1136 1776 litterularum,
1153 1731 1203 1775 27,
1215 1724 1257 1776 47.
1269 1716 1320 1774 ΙΙ]-

243 1814 326 1845 sorum
337 1799 431 1848 Caldet.
440 1801 525 1848 neseio
534 1816 582 1864 qna
595 1802 747 1851 anctoritate.
760 1801 905 1861 Hesionam,
917 1816 957 1860 11,
972 1800 999 1847 in
1012 1816 1088 1863 marg.
1104 1800 1149 1858 16,
1162 1800 1210 1860 18,
1224 1799 1267 1858 45,
1278 1798 1320 1857 46,

247 1890 295 1945 49,
306 1882 348 1941 55,
360 1884 405 1942 583
418 1882 470 1932 vid.
480 1900 553 1947 snpra
564 1883 597 1931 ad
605 1884 663 1943 vu,
680 1886 744 1946 132,
757 1894 782 1931 et
794 1884 901 1932 Pontani
913 1882 1045 1943 Analecta,
1057 1885 1098 1940 11,
1112 1898 1153 1930 11.
1166 1910 1206 1920 -
1218 1882 1279 1929 Mox
1288 1880 1320 1928 le·

247 1964 356 2029 gendum
365 1966 529 2013 crediderim:
542 1965 588 2030 qni
595 1982 634 2014 mo
645 1964 708 2032 (in)
720 1965 813 2013 cervice
825 1965 947 2027 locantes,
956 1966 1006 2014 hoc
1018 1976 1069 2026 ast,
1080 1974 1214 2029 ponentes.

282 2056 353 2110 Nor.
376 2056 434 2119 143.
457 2060 553 2109 Corsica
564 2061 661 2121 locata,
672 2076 728 2111 non
739 2056 888 2124 conducta,
899 2058 947 2112 sed
959 2060 1010 2112 sub
1021 2078 1064 2111 me
1075 2059 1180 2121 locata,
1191 2055 1323 2129 supposita

246 2140 349 2193 lectica
358 2141 462 2194 sellaeve
476 2140 605 2205 serenda,
615 2143 659 2196 vel
672 2141 877 2196 accommodata
887 2143 969 2209 mihi,
983 2142 1012 2194 in
1021 2160 1101 2194 usum
1112 2160 1212 2194 meum.
1224 2138 1277 2193 Sed
1284 2139 1323 2190 ha

246 2242 356 2296 qnoque
368 2224 485 2279 rationes
494 2223 569 2279 durae
579 2238 649 2279 sunt.
661 2226 741 2280 Conf.
751 2229 818 2280 Var.
827 2230 972 2280 lect-In
981 2227 1025 2278 his
1034 2238 1120 2298 poeta
1129 2225 1222 2278 verbis
1232 2225 1324 2276 harere

163 2346 167 2355 .
246 2310 367 2381 potuisse
378 2311 444 2365 clar.
461 2314 610 2384 Rupertum
626 2312 741 2365 miratur
751 2312 825 2364 doct.
840 2316 971 2377 Crammer,
984 2310 1086 2364 nedum
1098 2308 1244 2375 admittat,
1255 2304 1323 2381 quod

248 2394 295 2447 ille
306 2396 423 2467 conjecit
434 2398 444 2465 (
454 2398 478 2446 t'tt
488 2398 499 2463 )
509 2399 602 2449 cervice
618 2400 736 2448 locantes.
749 2398 821 2451 Nam
835 2396 963 2449 Naevolus
977 2393 1099 2447 modeste
1114 2407 1177 2447 vota
1189 2391 1325 2466 exprimlt;

248 2491 325 2552 optat
344 2499 398 2533 non
415 2482 474 2539 nuri
494 2500 570 2545 vasa,
585 2479 633 2534 ted
650 2483 885 2549 argentipondo,
900 2492 927 2532 et
945 2478 1002 2533 duo
1019 2492 1125 2532 tantum
1141 2475 1325 2531 cathedrarios

248 2583 348 2636 eosque
361 2563 523 2629 conductos,
534 2578 561 2618 et
573 2565 621 2636 qni
631 2568 711 2615 locent
724 2565 778 2637 ipsi
791 2564 908 2618 cervices
921 2582 991 2618 suat.
1007 2563 1106 2618 Nescio
1120 2580 1155 2614 an
1166 2562 1228 2614 haec
1244 2558 1324 2614 omni·

249 2648 301 2701 bus
312 2650 498 2704 satisfaciant:
509 2651 577 2703 mihi
589 2649 700 2723 quidem
712 2648 801 2703 nodus
817 2650 856 2703 sic
871 2650 968 2703 melius
984 2649 1053 2702 solvi
1069 2646 1187 2702 videtur.
1205 2650 1259 2701 En.

285 2745 354 2797 Nor.
376 2751 436 2807 144,
455 2748 488 2797 ln
507 2747 579 2799 tellis
592 2747 709 2799 Romani
722 2766 778 2800 non
793 2744 878 2798 modo
896 2745 1087 2799 deferebantur
1100 2744 1129 2796 in
1145 2746 1238 2795 ciream
1248 2740 1324 2795 telin

250 2827 401 2891 theatrum,
418 2828 465 2883 sed
479 2830 507 2882 in
522 2830 555 2898 iis
569 2850 678 2901 quoque
692 2830 731 2882 ibi
749 2829 957 2903 persedebant.²
976 2859 1012 2869 -
1030 2834 1147 2879 Securrm
1161 2846 1179 2880 a
1193 2827 1274 2881 turba
1284 2844 1325 2877 ur·

250 2924 343 2984 gente,
354 2913 397 2966 vel
407 2913 503 2984 quovis
517 2913 654 2985 periculo,
666 2911 741 2985 quod
751 2917 886 2982 dnosones
896 2914 1069 2986 propulsant.
1079 2943 1116 2953 -
1126 2915 1196 2965 Circo
1207 2916 1326 2969 clamoso,

251 3008 363 3067 propter
380 2996 524 3049 clamorem
542 3009 569 3049 et
586 2998 697 3069 plausus
717 2997 827 3069 populi,
847 3009 878 3049 ut
895 3004 984 3047 raucas
1002 2998 1092 3060 citeris,
1110 2995 1201 3059 VIII,
1220 2990 1327 3064 59‚ul>i

252 3077 315 3133 vide
328 3093 430 3133 notam.

287 3226 354 3274 Van.
376 3227 433 3283 145.
451 3225 559 3284 attriti,
575 3242 618 3273 at.
632 3252 667 3263 —
684 3226 793 3275 calator
802 3241 905 3285 carons,
919 3241 961 3274 aa.
975 3226 1065 3273 Tamo
1075 3226 1185 3286 caelator,
1197 3227 1238 3274 16.
1249 3226 1327 3270 Servus

253 3310 348 3358 celator
356 3309 394 3357 vel
405 3310 512 3369 caelator,
526 3324 565 3368 11,
576 3310 639 3357 sorte
648 3319 672 3356 et
684 3324 706 3357 1.
716 3310 781 3357 Nam
790 3320 860 3357 vetas
867 3310 950 3358 Schol.
961 3319 1014 3358 est:
1026 3307 1161 3373 «opifices,
1173 3308 1240 3356 servi
1248 3322 1328 3372 argen-

253 3394 322 3453 tarii,
331 3394 466 3455 laboriosi,
476 3392 657 3459 anaglypharii.
667 3414 680 3434 s

289 3490 359 3542 Nor.
382 3488 447 3551 145,
472 3492 532 3551 146.
552 3489 670 3559 Operam
687 3485 756 3538 mihi
777 3497 904 3557 prestent
924 3484 1041 3538 artifices
1064 3484 1231 3556 domumque
1247 3499 1328 3535 meam

254 3586 384 3629 exornent
392 3574 462 3626 vasis
474 3573 578 3627 affabre
592 3572 692 3625 calatis
702 3571 747 3624 vel
755 3569 876 3641 plasticis
886 3569 1018 3622 artificiis.
1025 3597 1058 3609 —
1065 3572 1174 3620 calator
1181 3568 1327 3638 sigillorum

255 3655 325 3709 rasis
337 3668 393 3709 arte
408 3656 610 3727 illigandorum.
629 3658 733 3718 Curtio,
750 3654 919 3718 incurvatus,
935 3652 1060 3708 assiduus
1072 3654 1102 3705 in
1115 3654 1203 3705 multo
1221 3652 1326 3710 labore,

293 3934 303 3960 ¹
323 3932 359 3978 lta
370 3930 433 3979 Gall.
445 3933 489 3991 IV,
501 3932 515 3979 8
528 3930 538 3997 (
550 3932 594 3980 nbi
604 3931 661 3980 vide
672 3929 773 3995 intpp.)
816 3929 947 3986 mm,
965 3942 995 3989 9,
1013 3941 1059 3972 aen
1078 3924 1109 3980 64
1130 3934 1154 3971 et
1174 3924 1244 3987 Piglt.
1264 3920 1327 3969 dnn.

257 4012 344 4071 xvn,
353 4026 384 4058 ar
395 4010 494 4069 3Valer.
505 4011 573 4059 Max.
582 4013 621 4068 11,
632 4026 661 4073 93
669 4010 772 4057 Tertull.
818 4020 878 4058 torn.
892 4011 917 4066 1,
928 4024 985 4071 pag.
1000 4013 1060 4063 440.

258 4090 362 4157 Apolog.
375 4106 429 4155 cap.
444 4090 475 4148 ὃς
486 4091 572 4138 Senec.
584 4090 635 4139 Vit.
649 4091 716 4138 Beat.
730 4104 775 4148 art
854 4094 866 4120 ²
883 4085 1108 4151 VideLips.Eleet.
1118 4088 1139 4146 Ι,
1150 4102 1191 4150 19,
1200 4094 1225 4133 et
1234 4082 1326 4131 aetn-

257 4171 379 4222 l‘lutaroh.
400 4171 427 4219 in
445 4170 517 4235 Sylla.
541 4169 632 4219 Confer
653 4169 775 4228 Plinium,
819 4169 883 4234 phit.
893 4184 946 4233 cap.
963 4170 1004 4218 13.
