2784 4917
272 407 460 473 SATIRA
481 407 679 473 DECIMA
702 409 902 476 TERTIA.
1066 415 1128 483 253

68 518 259 614 Depositum
275 521 435 607 retinere,
451 535 486 590 et
500 519 654 589 fraudem
671 522 749 615 jure
767 525 854 592 tueri

68 627 232 717 Iurando;
251 630 424 722 quaerebat
436 631 544 715 enim,
562 655 637 723 quae
652 631 802 700 numinis
819 649 906 702 esset

70 741 178 824 biens,
195 754 230 808 et
245 763 291 808 au
306 739 373 809 hoc
392 737 441 808 illi
458 739 589 809 facinus
606 739 758 810 suaderet
773 741 919 836 Apollo?

69 848 218 917 Reddidit
231 873 312 944 ergo
328 863 440 936 metu,
455 874 525 918 nou
542 850 711 940 moribus3
729 867 764 921 et
779 867 892 922 tamen
908 878 1044 925 omnem

70 960 189 1026 Vocem
207 958 298 1053 adyti
316 958 453 1052 dignam
470 956 597 1053 templo
613 983 793 1056 veramque
812 965 970 1058 probavit
1083 981 1132 1036 ,οε

72 1068 251 1136 Exstinctus
269 1083 342 1137 tota
359 1069 484 1161 pariter
501 1093 579 1138 cnm
597 1070 707 1165 prole,
727 1072 913 1169 domoque,

72 1180 124 1264 Et,
138 1179 288 1271 quamvis
302 1175 403 1273 longa
418 1178 571 1249 deductis
587 1195 705 1276 gente,
724 1185 936 1280 propinquis.

73 1291 134 1356 llas
149 1291 276 1383 patitur
293 1311 409 1382 poenas
424 1289 586 1384 peccandi
606 1289 675 1360 sola
693 1290 857 1362 voluntas.

75 1399 152 1466 Nam
169 1397 277 1466 scelus
295 1399 384 1466 intra
401 1421 436 1466 se
455 1399 594 1469 tacitum
613 1400 673 1494 qui
688 1401 814 1494 cogitat
832 1399 955 1489 ullum,

77 1508 156 1576 Facti
172 1509 300 1577 crimen
318 1508 443 1578 habet:
462 1508 564 1597 cedo,
584 1509 613 1578 si
629 1522 752 1577 conata
771 1509 921 1602 peregit?
1084 1543 1134 1580 ato

77 1618 224 1712 Perpetua
241 1619 387 1688 anxietas
405 1642 468 1688 nec
486 1643 607 1687 mensae
626 1633 780 1711 tempore
797 1633 915 1706 cessat,

78 1728 224 1798 Faucibus
241 1743 281 1797 ut
295 1729 416 1797 morbo
434 1728 530 1796 siccis
550 1728 704 1821 interque
725 1727 867 1798 molares

78 1835 203 1906 Difficili
222 1853 393 1907 crescente
413 1838 490 1906 cibo
509 1863 516 1905 ε
538 1836 597 1906 sed
613 1837 692 1904 vina
708 1836 853 1906 misellus

79 1947 220 2041 Erspuit;
238 1946 360 2018 Albani
376 1947 498 2016 veteris
515 1945 661 2040 pretiosa
677 1960 832 2016 senectus

78 2055 225 2150 lbsplioet
241 2083 249 2126 :
268 2057 422 2126 ostendas
440 2054 577 2145 melius,
595 2055 792 2126 densissima
808 2080 892 2152 ruga
1083 2073 1133 2128 215

79 2165 204 2258 Cogitur
219 2168 254 2235 in
272 2165 435 2252 frontem,
451 2164 543 2234 velut
558 2167 628 2234 acri
644 2165 747 2236 ducta
762 2165 915 2235 Falerno.

80 2275 176 2342 Nocte
193 2276 329 2344 brevem
346 2277 373 2342 si
389 2275 477 2343 forte
493 2273 632 2342 indulsit
649 2299 729 2340 cnm
745 2299 916 2366 soporem,

80 2382 118 2447 Et
132 2395 198 2451 toto
211 2395 340 2450 versata
355 2394 431 2448 toro
446 2383 516 2472 jam
531 2378 683 2450 membra
701 2380 892 2475 quiescunt,

80 2574 217 2636 bautedeo
237 2589 342 2654 posset
362 2578 546 2653 Responsum
561 2586 604 2634 est
623 2597 638 2633 a
660 2575 779 2654 Pythia,
800 2595 898 2652 poenas
917 2577 1011 2652 ipsum
1033 2596 1133 2655 graves

81 2668 212 2744 daturum,
234 2670 288 2746 qui
310 2673 366 2728 hoc
387 2671 424 2726 ab
446 2669 583 2745 Apolline
606 2669 795 2744 quesivisset,
817 2669 849 2724 in
871 2669 1050 2746 dubiumque
1072 2690 1133 2730 rem

81 2760 205 2833 dusmodi
217 2775 388 2822 revocasset.
407 2764 475 2833 Quo
494 2762 541 2818 ille
557 2773 671 2818 terrore
684 2779 717 2816 ac
734 2778 883 2836 poeuarum
899 2772 979 2818 metu
991 2764 1133 2822 attonitus

81 2856 171 2930 magis,
182 2875 268 2932 quam
276 2854 374 2912 studio
381 2855 497 2912 virtutis
508 2864 538 2911 et
546 2871 646 2910 amore
653 2851 802 2921 inductus,
813 2853 971 2928 depositam
982 2855 1133 2929 pecuniam

82 2948 189 3004 restituit
202 2968 210 3002 ε
224 2948 303 3006 idem
315 2958 409 3004 tamen
420 2965 522 3004 verum
532 2965 565 3002 ac
580 2944 701 3020 ὤμω
715 2943 851 3020 Apolline
864 2963 1032 3020 responsum
1048 2947 1133 3004 fuisse

82 3042 266 3116 comprobavit
277 3060 348 3111 suo,
365 3060 398 3097 ac
409 3058 529 3098 suorum
547 3037 725 3106 liberorum,
745 3037 995 3112 propinquorum,
1015 3050 1045 3095 et
1064 3040 1132 3096 uui-

82 3147 156 3188 rersa
170 3132 283 3189 lamiliae
296 3131 333 3187 ab
348 3131 449 3188 ultima
465 3130 556 3205 stirpe
568 3128 683 3204 penitus
701 3127 847 3186 exstinctae
864 3129 962 3189 exitio.
983 3133 1024 3186 lta
1043 3133 1135 3188 solam

81 3225 202 3294 mendi
216 3225 394 3281 voluntatem
410 3223 516 3297 Superi
530 3222 662 3296 plectunt
676 3242 683 3277 ε
698 3231 728 3277 et
747 3239 818 3278 vero
838 3221 889 3298 qni
908 3223 999 3280 scelus
1013 3234 1132 3297 pectore

82 3312 255 3372 deliberatum
269 3313 420 3389 concepit,
433 3313 555 3388 perinde
574 3331 682 3371 nocens
704 3323 761 3384 est,
781 3313 855 3370 acsi
874 3314 947 3370 illud
965 3314 1131 3370 admisisset.

83 3405 150 3474 Quid
163 3426 232 3464 vero
246 3407 271 3463 si
284 3405 454 3464 meditatum
466 3405 577 3462 lacinus
595 3407 681 3462 etiarn
699 3405 884 3481 complevit?v
896 3408 1001 3462 Nonne
1017 3406 1132 3463 meritas

82 3500 209 3570 expendet
220 3499 338 3576 prenae?
353 3498 429 3558 Blno
441 3498 492 3554 illa
504 3499 609 3554 mentis
618 3498 710 3554 anxiae
721 3517 753 3554 ac
768 3498 843 3554 male
856 3497 1009 3553 metuentis
1024 3497 1133 3554 sollici-

81 3591 158 3660 tudo,
173 3613 235 3668 quae
248 3591 397 3649 homiuem
408 3609 470 3648 uon
483 3590 589 3646 deserit
606 3590 638 3646 iu
655 3590 716 3664 ipsa
733 3607 846 3658 mensa,
859 3587 911 3642 uhi
923 3587 1018 3644 lauces
1028 3589 1132 3663 aridae,

82 3690 200 3756 tauquam
213 3683 287 3740 febri
301 3683 463 3752 laboraret,
476 3682 572 3739 cibum
588 3679 732 3756 deglutire
745 3679 796 3736 vix
808 3689 944 3754 possunt,
959 3679 1132 3740 haerentibus

81 3769 145 3829 iuter
158 3776 232 3850 ipsos
250 3775 351 3832 deuter
370 3775 506 3850 dapibus,
524 3787 553 3830 et
568 3792 636 3844 eos,
654 3773 722 3848 quia
741 3789 816 3848 aegre
834 3771 1027 3847 trajiciuntur,
1043 3777 1133 3853 magis

81 3867 211 3942 mgisque
220 3865 416 3944 implentibus.
430 3867 551 3940 Respuit
560 3865 645 3934 vina,
656 3867 704 3922 vel
715 3865 837 3939 optinum
850 3865 994 3924 Albanum
1008 3881 1091 3928 vetus
1104 3883 1132 3928 et

82 3975 236 4029 generenam
249 3960 371 4030 fastidi13
389 3959 414 4015 si
427 3957 594 4035 generosius
605 3957 726 4032 aliquod
738 3957 854 4029 afferas,
873 3957 911 4014 itu
930 3959 1030 4019 densas
1046 3982 1132 4038 rugas

81 4047 162 4108 lroute
171 4063 316 4109 eontracta
327 4050 417 4120 ducit,
425 4048 506 4123 quasi
515 4050 668 4106 Falernum
678 4069 744 4106 acre
752 4061 954 4126 austerumque
966 4053 1087 4110 biberet.
1098 4055 1132 4123 Si

83 4157 242 4211 pernoctem
255 4165 272 4202 a
283 4145 359 4202 curis
369 4162 403 4201 ac
411 4153 492 4204 metu
504 4142 646 4221 respirare
656 4143 812 4220 paulisper,
825 4155 853 4202 et
864 4143 1015 4221 indulgere
1028 4163 1130 4202 somno
