2784 4917
252 390 294 453 62
555 388 596 453 D.
619 384 750 453 JUNll
770 388 1036 457 lUVENALIS

251 502 461 593 Prandente,
475 516 510 571 et
522 502 664 571 madidis
678 516 793 573 cantat
806 526 881 598 quae
896 506 1069 577 Sostratus
1079 505 1149 575 alis.

251 610 313 681 Ille
326 628 440 683 tamen
449 596 563 708 ¹qualis
577 613 680 682 rediit
691 610 859 683 Salamine
876 614 1010 703 relicta,

251 727 293 793 In
307 726 434 795 Corum
448 740 549 819 atque
564 728 695 793 Eurum
709 723 831 795 solitus
844 726 960 795 sarire
973 724 1112 821 flagellis
1272 742 1316 795 rto

250 834 432 921 Barbarus,
447 835 559 903 AEolio
574 856 749 929 nunquam
764 829 832 905 boc
848 835 884 903 in
897 859 1035 905 carcere
1048 858 1177 931 passos,

250 948 366 1040 Ipsum
383 944 602 1039 compedibus
617 945 676 1039 qui
689 944 846 1013 vinxerat
858 944 1121 1042 Ennosigaeum?

250 1056 367 1125 Mitius
381 1055 417 1123 id
431 1078 527 1141 sane,
541 1053 634 1148 quod
649 1078 719 1123 non
733 1070 769 1123 ct
782 1054 941 1149 stigmate
954 1056 1096 1151 dignum

250 1164 413 1235 Credidit.
428 1163 519 1232 Huic
536 1162 714 1256 quisquam
729 1160 832 1231 vellet
846 1166 973 1234 servire
991 1164 1155 1235 deorum?

249 1274 315 1343 Sed
331 1273 437 1368 qualis
453 1271 577 1342 rediit?
594 1297 716 1367 nempe
731 1296 799 1341 una
812 1296 912 1360 nave,
927 1275 1074 1345 cruentis
1272 1288 1316 1341 185

249 1383 440 1472 Fluctibus,
455 1408 494 1453 ac
508 1383 603 1453 tarda
616 1408 679 1479 per
691 1383 794 1453 densa
808 1382 973 1453 cadavera
985 1409 1098 1479 prora.

249 1498 318 1563 Has
332 1494 431 1565 toties
445 1508 560 1589 optata
573 1494 684 1589 exegit
696 1493 804 1587 gloria
816 1516 943 1587 poenss.

298 1634 315 1669 a
324 1608 377 1673 Da
390 1606 537 1701 spatium
550 1605 645 1691 vitae,
662 1601 787 1673 multos
800 1602 858 1688 da,
871 1604 1017 1697 Jupiter,
1032 1599 1178 1673 annosi»

249 1719 326 1786 Hoc
342 1732 434 1787 recto
449 1715 546 1785 vultu
560 1715 687 1802 solum,
704 1714 771 1785 hoc
783 1728 820 1785 et
833 1711 979 1809 pallidus
989 1729 1095 1810 optas

249 1827 316 1896 Sed
328 1850 430 1922 quam
444 1826 616 1926 continuis
631 1841 664 1895 et
676 1826 811 1919 quantis
827 1824 928 1918 longa
943 1840 1100 1895 senectus
1180 1876 1185 1887 ,
1274 1856 1320 1902 ¹9⁰

234 1935 352 2006 .Plena
366 1934 475 2029 malis!
492 1934 694 2021 deformem,
712 1950 747 2003 et
762 1949 886 2003 tetrum
902 1950 981 2004 ante
995 1936 1111 2005 omnia
1123 1933 1276 2017 vultum,

249 2045 522 2140 Dissimilemque
535 2046 603 2132 sui;
618 2043 807 2113 deformem
823 2068 888 2136 pro
902 2060 981 2113 cute
994 2043 1137 2139 pellem;

250 2156 506 2250 Pendentesque
525 2177 644 2248 genas,
662 2168 698 2223 et
714 2151 796 2223 tales
808 2152 943 2246 adspice
960 2178 1079 2249 rugas,
1159 2144 1164 2151 ¹

159 2244 166 2263 .
248 2264 389 2353 Quales,
406 2263 606 2333 umbriferos
617 2264 674 2331 ubi
686 2263 805 2358 pandit
813 2263 962 2332 Tabraca
972 2263 1091 2351 saltus,

249 2482 373 2559 plurima
385 2480 514 2557 ejusdem
526 2480 622 2551 modi,
636 2500 700 2555 quae
715 2483 872 2554 Sostratus,
888 2500 980 2557 quum
994 2502 1025 2539 se
1038 2483 1157 2560 largiter
1171 2482 1247 2538 vino
1257 2484 1322 2557 pr'o·

248 2576 318 2644 luit,
338 2586 453 2632 cantare
472 2584 557 2631 amat.
574 2574 657 2631 Idem
674 2573 723 2630 ille
740 2572 929 2632 nihilominus
947 2578 1076 2647 Xerxes,
1095 2575 1189 2651 qualis
1207 2576 1323 2632 undem

248 2668 281 2725 in
292 2688 372 2725 suam
385 2668 546 2738 Persidem,
563 2677 630 2742 post
640 2666 769 2726 relictam
781 2669 941 2738 Salamina,
956 2681 999 2727 est
1014 2672 1158 2727 reversus!
1172 2671 1322 2740 Quantum

248 2760 286 2816 ab
311 2760 362 2817 illo
384 2772 526 2829 mutatus,
546 2760 598 2835 qui
616 2772 720 2817 ventos
737 2762 909 2819 verberibus
927 2762 999 2819 caedi
1014 2761 1152 2835 jusserat,
1173 2780 1323 2836 nunquam

248 2851 381 2929 profecto
403 2852 434 2908 in
454 2852 557 2908 AEoliis
578 2854 741 2911 carceribus
763 2873 795 2911 ea
820 2855 973 2911 mulctatos
1000 2873 1102 2929 poenn3
1130 2853 1183 2929 qui
1208 2853 1323 2909 vincula

248 2945 304 3021 ipsi
321 2947 458 3021 Neptuno
481 2944 632 3018 injecerat!
654 2947 819 3004 Clementer
840 2966 907 3003 sane
931 2946 1058 3018 factum,
1084 2945 1166 3021 qnod
1188 2945 1324 3003 eumdem

250 3037 336 3107 etiam
367 3037 507 3095 candente
537 3034 617 3092 ferro
649 3037 687 3093 ad
715 3037 904 3114 ignominiam
931 3039 1012 3095 inuri
1038 3056 1100 3095 non
1128 3037 1323 3113 imperaverit

250 3129 356 3205 Ecquis
375 3132 505 3185 Deorum
526 3127 639 3183 bomini
659 3139 719 3185 tam
737 3130 880 3206 barbmo,
898 3142 957 3187 tam
971 3129 1063 3205 impio
1079 3147 1187 3186 navare
1204 3148 1325 3205 operam

248 3221 396 3278 solarere
417 3219 526 3276 vellet?
548 3218 606 3276 Sed
629 3221 722 3295 qualis
742 3222 859 3279 tandem
880 3225 912 3280 in
932 3224 1079 3281 Persidem
1095 3223 1251 3280 rememit!
1268 3223 1324 3278 Ni-

248 3315 355 3371 mirum
377 3312 462 3369 unica
482 3310 550 3367 navi
569 3330 622 3385 per
642 3310 747 3369 fluctus
770 3333 890 3373 suornm
910 3316 1037 3373 militnm
1056 3316 1198 3393 sanguine
1216 3333 1324 3373 ernen-

249 3420 342 3478 tatos,
368 3418 397 3464 et
416 3425 470 3481 per
494 3403 665 3461 cadaverum
687 3418 796 3465 temere
819 3406 994 3467 fluitantium
1011 3428 1129 3467 acervos
1148 3428 1226 3485 segre
1245 3409 1323 3471 viam

248 3500 403 3577 fugamque
426 3498 589 3575 expediens.
612 3500 657 3554 lta
677 3520 746 3557 snos
764 3501 830 3558 illos
857 3515 998 3561 amatores
1020 3504 1113 3579 glorie
1129 3511 1176 3558 tot
1196 3502 1324 3578 expetita

205 3622 207 3627 v
247 3594 324 3650 votis
342 3592 500 3650 ulciscitur.

291 3688 357 3743 1⁸8.
379 3688 406 3744 Ο
428 3684 555 3761 Jupiter!
575 3704 670 3742 annue
691 3686 763 3742 mibi
786 3686 926 3763 longioris
947 3689 1015 3745 vitae
1033 3708 1149 3759 moras,
1171 3707 1322 3764 annosque

247 3778 410 3852 complures
421 3776 554 3852 imperti:
568 3778 626 3833 hoc
640 3789 738 3834 erecto
751 3779 851 3850 vultu,
864 3781 922 3837 boc
933 3783 1017 3838 unice
1028 3802 1061 3838 ac
1072 3780 1197 3839 sollicito
1209 3783 1323 3856 pallore

247 3870 400 3927 desideras.
413 3870 523 3924 Verum
534 3887 620 3942 quom
632 3870 786 3945 gravibus,
799 3890 886 3947 quam
897 3872 952 3929 sibi
962 3874 1024 3930 sine
1037 3875 1096 3929 ulla
1107 3872 1323 3931 intermissione

246 3960 465 4021 succedentibus
477 3961 670 4018 incommodis
682 3975 813 4021 senectus
828 3965 946 4040 longior
956 3966 1081 4023 laborati
1093 3965 1206 4022 intuere
1216 3966 1321 4023 faciem

248 4074 298 4113 sua
314 4055 408 4111 forma
424 4062 453 4107 et
463 4063 612 4109 venustate
624 4056 788 4127 spoliatam,
802 4057 839 4113 ab
852 4076 883 4114 ea
895 4058 968 4115 facie
987 4078 1052 4134 quae
1067 4060 1138 4117 olim
1157 4069 1235 4126 erat,
1251 4059 1322 4115 hen!

247 4150 335 4225 longe
349 4146 508 4217 diversam
521 4146 644 4220 pellem,
662 4150 709 4203 vel
725 4149 837 4206 corirmr
852 4152 949 4225 potins
964 4152 1095 4223 aridum,
1114 4170 1172 4227 pro
1191 4150 1279 4207 molli
1297 4160 1324 4207 et
