2784 4917
244 466 281 509 ra
328 446 368 509 D.
398 442 536 508 JUNlI
564 438 849 505 JUVENatts
879 444 1063 511 sauma
1087 444 1242 511 Noun.

238 562 308 628 Aut
322 559 424 643 farre,
439 572 475 627 et
492 556 586 625 tenui
600 554 690 623 soleo
706 578 845 623 exorare
861 580 1004 646 corona,

237 669 383 759 Quando
399 691 460 763 ego
478 666 577 761 figam
590 663 736 759 aliquid,
751 688 819 756 quo
835 666 879 733 sit
893 667 978 735 milri
993 683 1067 738 tuta
1082 685 1239 738 senectus

191 858 197 871 Ι
237 780 267 847 Λ
284 793 390 873 tegete
406 792 440 847 et
452 770 589 845 baculo!
605 772 725 868 viginti
738 770 843 842 millia
856 772 954 843 fenus
1265 797 1319 853 140

238 890 435 983 pigneribus
449 885 584 981 positis,
601 881 732 977 argenti
747 882 881 952 vascula
899 886 994 977 puri,

236 998 302 1067 Sed
318 1023 392 1093 quae
406 995 578 1065 Fabricius
595 1016 714 1063 censor
730 1004 844 1079 notet,
862 1007 897 1061 et
910 993 979 1062 duo
998 994 1100 1064 fortes

235 1108 288 1176 De
301 1130 401 1202 grege
416 1108 620 1189 Moesorum,
638 1101 696 1194 qui
712 1125 766 1168 me
783 1101 917 1170 cervice
932 1100 1041 1172 locata

236 1220 396 1286 Securum
412 1215 554 1308 jubeant
568 1211 714 1282 clamoso
730 1209 883 1280 insistere
898 1211 1005 1283 circo!

238 1329 287 1396 Sit
300 1327 383 1396 mihi
398 1338 559 1421 praeterea
576 1347 699 1392 curvus
714 1318 865 1408 caelator,
884 1336 918 1390 et
931 1323 1030 1409 alter,
1267 1340 1319 1401 145

82 1479 88 1489 -
140 1481 142 1487 ,
238 1437 306 1524 Qui
324 1433 443 1503 multas
457 1433 559 1503 iacies
577 1433 694 1526 pingat
708 1426 792 1499 cito!
813 1429 989 1501 sufficiunt
1004 1434 1097 1520 brec,

236 1544 381 1632 Quando
399 1568 463 1637 ego
477 1566 607 1637 pauper
621 1566 691 1609 ero.
707 1542 836 1609 Votum
851 1543 1060 1631 miserabile,
1078 1568 1144 1613 uec
1159 1568 1247 1638 spes,

238 1652 299 1721 His
311 1651 429 1721 saltem
442 1678 449 1721 :
462 1676 557 1737 nam,
574 1675 679 1745 quum
697 1674 760 1743 pro
777 1675 831 1719 me
844 1654 996 1722 Fortuna
1011 1669 1167 1749 rogatur,

238 1759 356 1855 diligit
372 1786 462 1831 ceras
478 1758 589 1843 iliade
603 1783 689 1827 nave
704 1761 839 1852 petitas,

238 1869 323 1958 Qure
338 1870 466 1940 Siculos
484 1882 602 1937 cantus
621 1866 746 1961 effugit
760 1866 885 1963 remige
901 1868 1014 1938 surdo.
1265 1884 1320 1940 150

237 2089 313 2144 mola
322 2088 392 2143 salsa
404 2103 538 2158 veneror,
552 2087 658 2162 quibus
668 2086 785 2165 exiguas
793 2086 946 2163 imponere
955 2106 1076 2146 corones
1085 2086 1181 2156 soleo,
1195 2083 1320 2142 fervidis

238 2198 360 2235 exorsus
370 2179 519 2257 precibus,
534 2178 719 2254 quaudomm
728 2199 783 2257 ego
792 2200 927 2256 assequar
938 2181 1054 2237 taudem
1066 2191 1175 2237 certem
1183 2179 1319 2255 pecunie

237 2290 393 2340 summam,
405 2290 463 2347 qus
473 2266 564 2329 lictus
576 2272 713 2349 elfirgium
721 2272 938 2331 mendicitatem
951 2272 982 2328 iu
993 2282 1158 2342 senectute,
1168 2280 1203 2327 ut
1212 2288 1251 2326 ue
1263 2270 1322 2325 ob-

238 2364 309 2421 situs
324 2363 512 2434 centonibus,
526 2363 612 2421 nixus
628 2364 750 2435 baculo,
766 2365 870 2440 stipem
887 2383 1044 2441 corrogare
1060 2364 1169 2441 cogar?
1187 2362 1319 2432 Quando

238 2478 254 2513 e
267 2458 392 2515 nummis
406 2467 508 2513 mutuo
520 2455 593 2513 datis
607 2456 745 2531 recipiam
760 2474 855 2513 usurae
867 2456 985 2513 nomine
996 2456 1102 2534 viginti
1114 2454 1320 2513 sestertiorum

238 2549 346 2619 millis,
365 2547 489 2623 acceptis
510 2558 576 2603 aute
591 2545 781 2623 pignoribus,
802 2557 835 2603 ut
850 2548 932 2605 fenus
951 2548 1023 2604 mihi
1043 2548 1135 2619 elabi,
1150 2558 1200 2603 eut
1217 2547 1321 2621 perire

238 2648 372 2713 nequeat.
386 2640 579 2709 Quandouam
588 2656 675 2714 penes
686 2658 733 2695 me
747 2638 827 2695 domi
839 2640 895 2695 erit
905 2639 1039 2696 uounibil
1050 2637 1258 2715 suppellectilis
1268 2656 1322 2694 ae-

237 2740 360 2805 geuteae,
375 2731 414 2785 ob
427 2750 513 2805 quum
527 2752 543 2787 a
558 2730 692 2787 Fabricio
705 2750 825 2788 censore
836 2733 934 2789 notari
946 2743 976 2788 et
988 2731 1163 2806 reprebendi
1172 2731 1240 2805 jure
1250 2750 1323 2804 pos·

183 2884 186 2891 Ι
238 2822 310 2879 sim!
326 2823 393 2877 Duo
409 2821 479 2877 item
499 2824 627 2879 valentes
646 2834 676 2881 et
700 2822 831 2893 robusti,
848 2823 946 2898 quales
966 2841 981 2878 e
1001 2823 1101 2879 Mania
1119 2823 1177 2877 buc
1193 2820 1323 2877 veniunt

238 2914 329 2985 servi,
346 2912 398 2987 qui
408 2930 454 2968 me
465 2924 544 2969 certa
553 2916 685 2973 mercede
698 2927 795 2990 pacta,
809 2914 940 2989 subjecto
951 2915 1027 2971 collo
1042 2924 1157 2990 gestent
1166 2912 1322 2970 sedentem

240 3006 271 3061 iu
294 3004 411 3075 lectica,
432 3015 461 3059 et
475 3023 529 3079 per
545 3006 673 3063 medium
691 3007 810 3065 Circum
825 3009 935 3082 populo
951 3006 1128 3064 uociferante
1145 3004 1321 3079 differtum,

241 3110 305 3155 tuto
318 3097 488 3172 deportent!
502 3100 539 3157 ad
548 3101 608 3156 hec
621 3101 732 3175 opifex,
746 3100 797 3175 qni
809 3101 909 3157 caelure
920 3110 950 3156 et
958 3100 1073 3177 signare
1083 3110 1218 3175 argentea
1230 3118 1321 3172 use3

240 3211 293 3248 nec
308 3208 368 3246 non
380 3190 461 3260 alter,
472 3190 523 3264 qui
538 3201 644 3248 statuas
653 3202 682 3249 et
691 3189 831 3268 imagines
843 3211 877 3248 ex
890 3192 991 3269 argilla
1004 3193 1049 3248 rel
1064 3211 1129 3248 cera
1141 3190 1253 3267 fingere
1262 3212 1323 3249 na-

239 3282 316 3339 viter
330 3298 362 3337 uc
379 3290 494 3353 strepue
510 3281 609 3337 norit?
624 3284 691 3338 blec
710 3283 782 3338 mibi
797 3284 864 3339 satis
878 3295 946 3342 suut
958 3283 996 3338 nd
1008 3283 1097 3339 vitam
1113 3283 1196 3340 beate
1210 3294 1322 3341 transa-

239 3374 378 3452 gendam,
400 3372 538 3447 quoniam
556 3374 587 3428 in
606 3374 659 3430 hac
679 3387 849 3449 paupertate
868 3396 960 3453 cogor
975 3395 1100 3433 manere.
1117 3378 1228 3432 Votum
1247 3397 1322 3437 sane

239 3468 374 3543 exiguum
386 3478 414 3523 et
424 3465 601 3523 miserabile!
613 3467 664 3523 sed
675 3486 713 3524 ne
722 3468 771 3523 illa
781 3468 899 3543 quidem
909 3480 967 3528 tem
978 3468 1073 3525 tenuia
1082 3487 1198 3543 sperare
1206 3470 1321 3527 ausim:

240 3578 329 3633 quum
346 3562 422 3618 enim
434 3572 555 3638 rogatur
566 3559 701 3630 fortuna,
716 3571 748 3617 ut
761 3561 832 3616 mihi
842 3561 952 3630 faveat,
968 3560 1086 3617 videtur
1095 3558 1151 3616 sibi
1163 3577 1248 3616 aures
1259 3581 1321 3636 op-

239 3652 319 3725 plere
331 3672 408 3722 ceru,
422 3664 454 3709 ut
465 3653 535 3711 olim
545 3654 663 3729 Ulysses
674 3652 806 3729 opplevit
819 3652 976 3727 remigibus
985 3652 1060 3723 suis,
1072 3671 1147 3727 quos
1158 3654 1322 3712 curatione

240 3742 343 3802 surdos
355 3744 500 3815 reddidit,
515 3746 701 3803 neSirenum
717 3742 848 3801 cautibus
862 3743 893 3800 iu
904 3745 1063 3820 perniciem
1077 3742 1275 3803 allicerentur.

526 4050 1025 4088 -a---w--eeooe-w-
