2784 4917
260 452 443 521 samus
465 452 661 520 necrus
683 456 898 539 Qusnrs.
1048 463 1112 553 307

92 566 216 659 Sponte
231 580 346 636 tamen
361 568 504 661 juvenes
522 571 697 641 imitantur
711 588 822 643 cetera
837 601 847 643 ε
863 574 967 646 solam

54 674 141 743 Inviti
155 701 292 772 quoque
306 678 479 747 avaritiam
496 704 645 751 exercere
660 681 834 775 jubentur.

56 780 137 853 Fallit
149 786 240 855 enim
254 788 375 857 vitium
393 788 504 881 specie
519 790 652 859 virtutis
670 806 705 860 ct
721 791 858 880 umbra,

54 892 155 979 Quum
169 896 212 965 sit
224 898 319 966 triste
333 897 451 967 habitu
466 896 629 993 vultuque
644 913 678 969 et
690 915 784 971 veste
797 927 964 973 severum.
1065 940 1117 976 110

56 1002 80 1070 N
82 1026 117 1071 ec
130 1004 233 1073 dubie
249 1020 421 1101 tamquam
435 1006 526 1103 frugi
541 1006 697 1077 laudatur
712 1033 847 1099 avarus,

53 1110 223 1207 Tamquam
239 1140 361 1210 parcus
374 1117 494 1205 homo,
513 1134 547 1188 et
563 1142 679 1187 rerum
694 1109 801 1189 tutela
813 1146 949 1193 suarum

54 1222 141 1290 Certa
160 1226 284 1319 magis,
304 1250 405 1321 quam
424 1229 451 1297 si
472 1228 627 1298 fortunas
644 1246 755 1300 servet
771 1233 903 1303 easdem

54 1330 264 1425 Hesperidum
279 1358 431 1429 serpens,
449 1348 508 1406 aut
520 1336 681 1407 Ponticus
697 1365 706 1406 τ
722 1338 806 1409 adde
820 1343 911 1435 quod
925 1344 1036 1433 hunc,
1053 1346 1096 1416 de

54 1440 121 1529 Quo
136 1440 268 1537 loquor,
284 1447 456 1541 egregium
472 1446 618 1543 populus
632 1464 730 1543 putat
743 1452 939 1543 acquirendi
1068 1472 1120 1527 115

57 1552 212 1623 Artificem
229 1580 238 1622 ε
255 1556 382 1651 quippe
398 1556 451 1626 his
468 1573 623 1627 crescunt
638 1558 845 1651 patrimonia
863 1559 977 1632 fabris.

57 1663 113 1732 Sed
127 1679 282 1735 crescunt
295 1690 509 1761 quocumque
525 1666 646 1754 modo,
662 1669 858 1763 majoraque
871 1668 961 1740 fiunt

57 1776 171 1845 incude
185 1776 340 1863 adsidua,
356 1802 556 1873 semperque
572 1777 710 1848 ardente
724 1778 869 1849 camino.

95 1888 136 1955 Et
151 1904 250 1982 pater
267 1912 349 1983 ergo
371 1890 475 1959 animi
495 1887 608 1959 felices
627 1889 736 1959 credit
752 1914 887 1976 avaros,
1007 1966 1010 1969 ,

57 1994 114 2083 Qui
131 1998 275 2068 miratur
291 2024 387 2094 opes,
401 2002 460 2094 qui
476 1999 569 2070 nulla
583 1998 734 2095 exempla
747 2001 834 2071 beati
1071 2038 1121 2073 no

60 2108 204 2204 Pauperis
222 2134 293 2180 esse
308 2126 406 2205 putat
422 2137 430 2179 τ
448 2112 592 2205 juvenes
610 2112 778 2200 hortatur,
796 2128 837 2181 ut
854 2109 944 2182 illam

59 2216 103 2283 ire
123 2220 211 2287 viam
230 2235 389 2316 pergant,
404 2234 437 2290 et
450 2219 559 2290 eidem
575 2223 770 2292 incumbere
787 2237 898 2292 sectae.

56 2329 132 2397 Sunt
144 2330 298 2425 quedam
310 2332 471 2401 vitiorum
489 2330 651 2401 elementa
666 2358 674 2400 z
693 2333 747 2401 his
760 2346 924 2426 protenus
938 2331 1012 2401 iilos

57 2437 190 2527 inbuit,
208 2453 244 2509 et
260 2441 353 2535 cogit
366 2440 521 2511 minimas
535 2439 681 2513 ediscere
694 2440 818 2513 sordes.

91 2690 152 2743 roy.
174 2672 313 2729 Ceterum
324 2671 378 2729 etsi
391 2671 463 2729 vitis
480 2671 577 2729 omnia
588 2671 783 2729 adolescentes
793 2670 1124 2747 libenterapsrentibns

57 2761 180 2821 hamient
195 2763 352 2839 imitando,
370 2764 519 2821 avaritiam
533 2764 624 2820 solam
632 2762 720 2826 inviti
727 2773 758 2820 et
765 2777 841 2839 tegre
849 2762 1125 2838 condiscunt,quod

56 2856 168 2929 speciem
188 2874 221 2913 sc
241 2856 375 2914 umbram
392 2854 509 2913 uirtutis
525 2853 573 2911 ills
587 2872 647 2929 prae
663 2854 796 2925 se'serst,
817 2865 846 2912 et
860 2854 977 2913 habitus
992 2853 1124 2925 tristitia,

56 2948 202 3025 utusque
212 2967 245 3005 sc
253 2948 378 3007 vestium
389 2948 543 3007 severitate
551 2948 683 3016 homeru
695 2958 728 3003 et
738 2946 807 3005 ideo
820 2947 902 3023 quod
914 2958 1051 3022 parentes
1062 2948 1126 3003 lau-

56 3036 116 3097 dmt
129 3060 264 3111 svamm,
279 3052 313 3098 ut
328 3040 425 3097 virum
442 3039 585 3116 probum,
603 3038 758 3115 frugalem,
774 3058 911 3114 parcum,
924 3040 976 3116 qui
991 3040 1125 3097 fortunas

56 3148 110 3187 suas
124 3143 237 3190 tutetur
249 3152 282 3189 sc
301 3144 397 3191 servet
410 3132 527 3203 melius,
544 3148 631 3207 qnam
649 3131 674 3187 si
692 3150 739 3189 eas
756 3132 916 3189 custodiret
933 3132 983 3191 ille
999 3130 1125 3209 pervigil

56 3222 149 3297 daco,
163 3224 217 3301 qni
235 3244 322 3301 poma
333 3224 542 3301 Hesperidum,
557 3236 607 3279 aut
620 3224 708 3292 alter,
721 3223 772 3296 qui
789 3240 911 3279 aureum
920 3223 1016 3280 velius
1030 3240 1125 3297 prope

54 3316 171 3375 Pontum
189 3316 380 3374 custodiebat.
397 3315 482 3374 Adde
498 3314 580 3390 quod
596 3313 732 3371 eumdem
748 3314 846 3385 huuc,
864 3315 902 3373 de
920 3334 981 3391 quo
997 3317 1124 3391 loquor,

54 3406 250 3467 honorandum
258 3410 383 3484 populns
394 3417 477 3481 putat
485 3406 517 3463 in
526 3418 589 3464 arte
596 3404 766 3482 acquirendi
776 3405 933 3480 artificem,
945 3407 1014 3483 quir
1023 3406 1124 3463 talium

55 3498 198 3559 fabrorum
215 3499 391 3576 patrimonia
409 3510 556 3570 crescnnt;
577 3508 607 3556 et
626 3508 760 3557 crescunt
777 3498 914 3573 quidem,
939 3500 991 3557 sed
1012 3498 1126 3573 majora

56 3588 122 3649 finnt
130 3592 262 3649 adhibita
272 3602 335 3647 arte
347 3590 493 3666 qnalibet,
504 3588 621 3647 assiduo
631 3600 660 3647 et
670 3588 814 3647 indefesso
827 3590 941 3660 labore,
955 3590 1047 3647 instar
1057 3587 1126 3669 opi·

56 3682 147 3757 ficum,
157 3685 211 3761 qui
221 3684 335 3741 ferrum
348 3684 462 3740 camino
472 3702 587 3758 semper
600 3682 722 3739 ardente
728 3680 903 3751 mollientes,
915 3700 977 3739 non
988 3680 1126 3747 desinunt

54 3775 147 3835 incudi
161 3776 330 3853 impositum
344 3774 468 3852 tingere,
484 3788 517 3833 ut
525 3776 641 3851 longius
652 3772 804 3831 efficiatur.
1118 3836 1122 3846 Ι

91 3892 154 3949 ¹¹9·
176 3874 257 3949 Ergo
266 3882 349 3946 pater
359 3888 462 3927 avaros
472 3868 616 3925 existimat
625 3868 790 3927 animorum
799 3866 935 3926 felicitate
946 3882 1126 3951 prestantes,

54 3963 99 4037 qui
112 3964 186 4021 nihil
199 3982 280 4039 aeque
292 3982 326 4019 ac
338 3960 454 4019 divitias
465 3961 598 4031 rnirstur,
615 3959 666 4035 qni
679 3960 794 4016 nullum
805 3959 946 4019 exstitisse
958 3970 1123 4043 exemplum

54 4068 129 4128 putat
142 4056 277 4133 pauperis
292 4054 351 4113 laeti
364 4066 394 4112 et
406 4052 498 4126 beati,
511 4052 579 4111 ideo
594 4051 671 4110 tilios
683 4053 856 4111 adhortatur
865 4056 982 4128 sedulo,
997 4070 1032 4115 nt
1044 4078 1124 4117 eam-

54 4146 115 4206 dem
136 4150 268 4209 insistent
286 4150 382 4220 viem,
407 4160 437 4207 et
457 4166 519 4205 eam
541 4147 739 4203 feneratorum
758 4157 865 4204 sectam
884 4149 1124 4222 complectantur.
1242 4174 1248 4180 ·

54 4238 302 4310 Quemadmodum
314 4252 409 4303 sutem
423 4243 454 4299 in
464 4240 601 4299 omnibus
611 4240 709 4306 vitiis,
724 4239 846 4317 perinde
855 4252 943 4318 atquc
956 4241 1122 4314 inertibus,

918 4354 972 4397 ao.
