2784 4917
26 439 1084 468 mmmmmmmmm

48 706 1063 856 slrmloncmlomnm.

470 991 647 1014 ψ

25 1203 198 1302 Ponam
218 1244 314 1318 sunt,
335 1229 494 1318 luscino,
510 1245 544 1299 et
562 1231 651 1300 fama
668 1229 769 1326 digna
787 1229 940 1320 sinistra,

26 1343 63 1410 Et
75 1341 193 1412 nitidis
214 1340 381 1411 maculam
396 1341 564 1412 haesuram
580 1339 718 1436 figentia
733 1341 853 1428 rebus,

26 1450 99 1536 Quae
115 1465 314 1520 monstrant
330 1451 395 1545 ipsi
412 1451 529 1546 pueris
548 1449 754 1544 traduntque
771 1463 934 1546 parentes.

27 1563 56 1632 Si
67 1561 231 1631 damnosa
248 1584 364 1630 senem
376 1560 473 1655 juvat
488 1552 574 1648 alea,
593 1559 681 1629 ludit
697 1575 731 1629 et
748 1559 845 1630 heres

28 1671 182 1760 Bulotus,
206 1696 377 1766 parvoque
392 1670 509 1740 eadem
525 1684 638 1740 movet
653 1694 747 1738 arma
764 1668 893 1740 fritillo.
1081 1689 1096 1742 5

29 1785 93 1853 Nee
108 1781 231 1852 melius
250 1780 292 1852 de
308 1806 344 1850 se
362 1781 520 1874 cuiquam
534 1802 671 1874 sperare
685 1777 880 1873 propinquo

30 1893 196 1963 sancedet
205 1891 359 1985 juvenis,
376 1890 436 1986 qni
451 1887 569 1957 radere
585 1888 705 1957 tubera
720 1901 838 1976 terrae,

32 2004 174 2074 Boletum
196 2001 353 2089 condire,
373 2015 407 2069 et
423 1998 542 2068 eodem
558 1998 635 2092 jure
654 2013 809 2066 natantes

32 2116 177 2209 Mergere
195 2109 354 2183 ficedulas
370 2109 504 2197 didicit,
523 2105 691 2179 nebulone
706 2122 866 2202 parente,

32 2227 166 2294 Etenna
184 2233 396 2292 monstrante
413 2216 500 2314 gula.
520 2217 638 2306 Quum
654 2217 816 2311 septimus
833 2241 943 2287 annus
1068 2252 1100 2288 ιο

32 2334 205 2403 Transierit
220 2356 341 2427 puero,
358 2327 512 2398 nondum
527 2327 621 2396 omni
638 2325 738 2394 dente
757 2341 894 2414 renato,

34 2445 188 2513 Barbatos
203 2440 285 2511 licet
299 2439 479 2509 admoveas
495 2435 587 2507 mille
603 2436 682 2506 inde
699 2435 897 2532 magistros,

35 2551 114 2621 Hine
126 2550 289 2635 totidem,
303 2547 419 2642 cupiet
432 2545 525 2615 lauto
540 2569 673 2615 ooenare
689 2559 810 2639 paratu

36 2663 177 2756 Semper,
195 2674 267 2728 eta
284 2681 407 2752 magna
422 2679 494 2726 non
511 2654 717 2748 degenerare
734 2653 857 2728 culina.

224 2868 340 2907 mm
355 2867 476 2906 ΜΕῙΙΙ
496 2865 624 2917 omn
643 2865 902 2906 lmmmrto.

74 2987 97 3023 1.
116 2967 247 3024 Plurima
259 2963 456 3040 snntllsgitia,
471 2964 611 3035 rusciae,
622 2964 724 3020 larvam
733 2963 975 3024 existimationem
984 2986 1101 3026 meren-
1229 3001 1232 3014 ·

38 3059 71 3113 tia
83 3070 112 3114 et
125 3058 247 3116 dotibus
263 3056 387 3112 maxime
402 3053 562 3132 splendidis
577 3057 719 3112 maculam
737 3067 866 3114 tenacem
883 3055 1018 3134 figentis,
1036 3080 1100 3136 qun

35 3162 160 3224 parentes
175 3150 234 3226 ipsi
251 3158 413 3206 monstrant
427 3157 457 3204 et
469 3146 608 3224 ingerunt
625 3146 684 3204 suis
701 3147 808 3222 pneris.
828 3148 861 3207 Si
881 3149 944 3207 alen
961 3149 1098 3210 damnosa

35 3243 107 3316 jurat
122 3242 311 3319 panoniam
326 3240 487 3310 seniorem,
503 3237 580 3295 ludit
596 3249 627 3295 et
642 3239 704 3314 ipse
718 3239 781 3314 ejus
796 3241 886 3298 lraeres
900 3260 973 3316 puer
987 3243 1098 3300 bullam

37 3336 121 3392 adhue
139 3354 259 3412 gerens,
283 3345 314 3390 et
332 3333 396 3389 lndi
413 3332 605 3389 instrments
626 3332 727 3389 endem
749 3332 857 3391 minori
877 3333 980 3392 fritillo
992 3347 1098 3392 versat.

37 3429 131 3504 Neque
153 3427 304 3486 meliorem
329 3445 418 3502 qnam
441 3424 523 3482 dedit
542 3435 626 3500 poter
650 3423 687 3480 de
710 3443 741 3480 se
762 3443 845 3500 spem
866 3424 949 3482 dabit
973 3427 1098 3501 propin-

37 3520 94 3594 quis
109 3521 168 3577 snis
178 3521 296 3596 juvenis
305 3519 370 3588 ille,
385 3516 436 3592 qni
448 3512 534 3574 terra
550 3517 654 3573 ruben
666 3519 794 3591 sonlpere
809 3536 842 3574 ac
855 3517 976 3585 radere,
995 3517 1101 3593 fungos

35 3612 163 3682 condire,
177 3624 209 3671 et
229 3611 333 3670 eodm
348 3609 465 3683 jusenlo
483 3609 632 3665 immensas
649 3608 828 3684 perfundere
843 3605 994 3679 ficedulas,
1015 3609 1101 3668 lnsn-

38 3703 108 3759 noso
121 3715 204 3779 pane
216 3703 341 3760 doeeme
351 3712 382 3758 et
396 3721 467 3758 oens
479 3702 548 3778 gula
561 3702 726 3776 exemplum
740 3701 903 3775 prebente,
915 3700 1027 3758 didicit.
1042 3703 1100 3760 Vix

39 3813 139 3851 annm
159 3795 312 3871 septimum
335 3794 487 3870 attigerit,
510 3803 664 3868 antequam
687 3811 789 3849 ornnes
809 3791 928 3865 dentes,
953 3793 1005 3870 qni
1023 3797 1100 3854 exci-

40 3885 152 3957 derant,
171 3899 207 3944 ut
225 3887 277 3959 tit,
300 3885 444 3944 infantulo
463 3885 575 3943 foen-im
595 3883 740 3959 reparati,
764 3882 834 3939 licet
854 3883 937 3941 illurn
961 3887 1099 3945 erudien-

41 3977 104 4034 dum
123 3979 262 4036 sexcentis
283 3979 427 4056 magistris
448 3977 573 4035 barbato
598 3988 698 4035 mento
723 3976 830 4034 severis
853 3978 966 4052 nactas,
990 3981 1099 4038 nihilo-

40 4067 1099 4150 minmepnlaripoternamgnilieentia‚etamagnalsntsqneculim

45 4179 102 4220 non
118 4162 292 4240 degeam
308 4165 397 4223 volet.
