2784 4917
280 369 453 434 sarm
477 369 669 438 baerna
691 375 891 459 Quartus.
1053 385 1115 453 305

32 477 183 549 Gratum
206 497 273 570 est,
295 482 388 579 quod
403 486 521 578 patriae
537 487 645 558 civem
661 490 859 589 populoque
876 497 1015 590 dedisti,
1043 523 1047 534 ·
1085 537 1121 590 7⁰

31 590 64 660 si
78 587 187 680 facis,
207 609 247 663 ut
262 595 379 689 patriae
393 596 436 665 sit
449 596 610 682 idoneus,
627 598 718 670 utilis
731 605 837 698 agris,

31 700 131 771 Utilis
152 719 192 773 et
210 702 379 775 bellorum
397 721 431 776 et
449 709 541 802 pacis
561 710 658 779 rebus
677 712 825 805 agendis.

30 809 225 892 Plurimum
233 815 324 884 enim
333 817 501 905 intererit,
512 819 634 914 quibus
645 821 789 910 artibus,
802 839 836 894 et
843 826 968 920 quibus
977 829 1070 902 bunc
1081 846 1119 902 tu

30 921 194 996 Moribus
210 927 389 997 instituas:
409 943 566 1024 serpente
579 930 710 1001 ciconia
726 932 837 1028 pullos

31 1031 170 1120 Nubit,
192 1051 227 1105 et
242 1037 381 1106 inventa
398 1060 459 1132 per
476 1037 575 1109 devia
593 1066 673 1111 rura
690 1041 816 1114 lacerta
833 1073 841 1114 :
1083 1067 1118 1136 7⁵

30 1139 80 1210 llli
93 1144 220 1214 eadem
234 1147 353 1217 sumtis
364 1164 522 1243 quaerunt
535 1150 692 1220 animalia
704 1154 827 1247 pinnis.

30 1249 168 1340 Vultur,
179 1255 338 1350 jumento
351 1271 386 1326 et
399 1253 539 1327 canibus
549 1259 775 1355 crucibusque
793 1262 930 1354 relictis,

30 1361 79 1430 bd
98 1362 194 1436 fetus
210 1384 391 1462 properat,
410 1384 610 1464 partemque
628 1369 800 1440 cadaveris
813 1373 941 1446 affert.'

30 1471 91 1542 llic
104 1491 158 1545 est
169 1502 254 1572 ergo
266 1476 362 1547 cibus
374 1478 489 1570 magni
501 1501 639 1571 quoque
650 1477 794 1548 vulturis
808 1498 843 1551 et
856 1509 892 1552 se

31 1581 217 1673 Pascentis,
231 1587 371 1679 propria
384 1609 490 1678 qutun
502 1587 572 1677 jam
589 1584 672 1653 facit
684 1586 806 1657 arbore
821 1590 931 1662 nidos.

31 1692 92 1761 Sed
104 1692 260 1789 leporem
271 1708 329 1763 aut
340 1717 495 1788 capream
507 1692 642 1763 famulae
655 1698 675 1762 J
677 1697 750 1766 ovis
765 1712 798 1766 et
812 1725 982 1795 generosae

31 1805 71 1870 ln
86 1803 178 1875 saltu
194 1819 362 1874 venantur
376 1827 452 1873 aves
468 1830 476 1872 :
498 1803 580 1874 hinc
594 1804 708 1898 praeda
725 1805 826 1876 cubili

33 1911 194 2000 Ponitur;
212 1914 293 1984 inde
310 1929 443 2002 autem,
462 1938 568 2008 quum
584 1939 619 1983 se
634 1929 767 1986 matura
782 1915 899 1988 levarit

33 2019 230 2120 Progenies,
248 2023 440 2092 stimulante
453 2023 560 2110 lame,
579 2022 718 2094 festinat
735 2024 778 2093 ad
793 2023 901 2114 illam,

33 2129 140 2220 Quam
156 2134 305 2229 primum
320 2133 467 2228 praedam
481 2147 583 2229 rupto
598 2147 789 2229 gustaverat
805 2158 882 2206 ovo.
1077 2157 1113 2210 85

78 2244 278 2316 AEdifieator
289 2257 361 2314 erat
375 2244 575 2332 Gemonias,
591 2259 625 2313 et
643 2243 746 2313 tnodo
761 2266 867 2313 curvo

35 2355 147 2428 Litore
162 2358 301 2444 Caietae,
319 2379 450 2426 summa
466 2379 558 2425 nunc
570 2354 707 2424 Tiburis
722 2377 814 2440 arce,

35 2589 106 2650 vitiis
117 2602 265 2652 carentem
283 2591 402 2651 domum
418 2602 498 2649 tuam
513 2587 589 2649 tilius
607 2589 760 2666 adspiciat!
774 2589 878 2647 Patriae
894 2599 923 2646 et
939 2589 1104 2665 reipublicae
1190 2611 1193 2618 ·

35 2683 134 2756 placet,
152 2685 229 2743 bene
250 2695 309 2757 est,
329 2684 411 2761 quod
428 2685 457 2742 ei
473 2683 566 2741 duem
584 2683 757 2755 donaverim
775 2682 866 2739 modo
885 2693 981 2739 umen
998 2681 1104 2742 efficias

36 2776 197 2836 educatione
207 2779 317 2853 proba,
330 2788 364 2835 ut
373 2776 539 2854 reipublice
550 2775 588 2832 sit
596 2773 688 2846 utilis,
702 2794 735 2831 ac
746 2773 793 2831 vel
807 2771 937 2832 colendis
949 2774 1040 2850 agris,
1057 2779 1103 2833 vel

39 2869 185 2927 tractandis
190 2869 270 2946 pacis
277 2869 384 2927 bellive
396 2869 508 2926 artibus
518 2867 642 2926 idoneus
653 2868 779 2924 exsistat.
797 2867 844 2924 Ad
854 2865 928 2922 hanc
940 2885 1002 2924 rem
1011 2885 1103 2944 porro

36 2961 111 3020 ralde
120 2963 227 3020 referet
237 2959 343 3038 quibus
352 2961 435 3019 illum
446 2971 480 3018 tu
489 2959 649 3036 disciplinis
657 2959 822 3036 quibusque
834 2958 972 3016 institutis
984 2959 1100 3020 formes.

37 3051 123 3112 Pullos
138 3054 285 3132 anguibus
301 3056 384 3112 alunt
410 3073 444 3112 ac
466 3051 647 3110 stellionibus
673 3071 728 3127 per
746 3052 847 3110 devios
868 3069 954 3126 agros
977 3056 1101 3128 repertis

35 3143 142 3204 ciconia
157 3167 165 3202 :
178 3146 238 3220 illi,
254 3166 346 3224 quum
360 3147 413 3204 alis
431 3144 567 3203 instructi
584 3144 709 3214 inerim,
730 3144 863 3202 eumdem
877 3145 975 3202 cibum
992 3148 1102 3220 quaeri·

36 3243 95 3294 tant
111 3239 252 3296 Vultures
270 3237 382 3313 abjecta
396 3239 428 3294 in
444 3237 521 3316 agris
537 3255 681 3313 equomm
699 3248 728 3294 et
742 3255 863 3306 canum,
881 3247 931 3293 aut
948 3237 1101 3296 hominum

36 3343 159 3405 suspensa
172 3349 190 3389 e
203 3329 342 3406 patibulis
357 3328 497 3388 cadavera
509 3329 633 3401 laniant,
649 3349 682 3387 ac
695 3330 787 3388 frusta
800 3329 886 3404 pullis
899 3327 1056 3403 deportant
1069 3331 1103 3387 in

36 3419 108 3479 nidos
129 3443 136 3478 :
155 3422 237 3480 illinc
260 3421 352 3500 igitur
376 3440 495 3498 quoque
517 3423 649 3482 vultures
669 3423 780 3480 victum
800 3431 985 3496 comparant,
1009 3441 1099 3496 quum

36 3516 146 3587 grandes
168 3533 302 3587 evasere,
321 3524 351 3572 et
366 3513 427 3588 jam
443 3533 497 3590 per
519 3535 550 3572 se
571 3514 646 3592 pasti
669 3516 754 3573 nidos
777 3513 809 3572 in
834 3513 939 3570 arbore
959 3514 1099 3588 peculiari

36 3616 183 3663 entmune
201 3608 242 3663 bt
252 3604 334 3662 Joris
347 3603 473 3662 ministri
487 3605 568 3665 alites
581 3607 703 3682 aquilae,
721 3619 748 3662 et
763 3623 828 3662 aves
846 3603 908 3660 alie
921 3603 1097 3682 nobiliores,

36 3699 204 3757 renationem
220 3716 276 3774 per
296 3716 418 3756 nemora
443 3712 596 3772 exercent,
617 3700 791 3773 leporesque
812 3706 862 3751 aut
882 3713 996 3770 capreas
1019 3701 1099 3757 exci-

36 3791 114 3866 piunt,
122 3813 193 3871 quas
200 3791 434 3865 inieruntnidis3
445 3810 460 3850 e
471 3793 577 3869 quibus
586 3810 677 3868 quum
686 3790 814 3848 evolavit
821 3789 858 3845 ad
865 3788 991 3864 praedam
1001 3792 1098 3852 adulta

36 3884 147 3956 soboles,
156 3887 263 3944 famem
278 3885 476 3944 stimulantem
486 3885 536 3943 illa
547 3886 609 3961 ipsa
620 3884 694 3960 dape
704 3882 800 3953 sedat,
812 3899 899 3957 quem
908 3880 993 3939 initio
1002 3897 1098 3960 gusta-

37 3975 84 4048 vit,
92 3999 177 4055 quum
189 3999 226 4038 ex
238 3997 298 4036 oro
308 3977 436 4056 primum
447 3979 562 4036 exclusa
573 3987 624 4036 est.

69 4067 111 4126 86.
129 4071 285 4132 AEdtfiure
296 4071 451 4130 Cetronius
462 4072 590 4145 amabat,
599 4081 713 4129 etnnnc
723 4069 753 4125 in
766 4070 903 4128 Caietano
913 4069 1097 4141 litore,nunc

37 4155 61 4212 in
69 4163 181 4223 collibus
195 4163 375 4238 Tiburtinis,
386 4177 438 4224 aut
447 4166 479 4223 in
490 4163 672 4223 Praenestinis
682 4162 831 4222 montibus
841 4161 923 4219 villus
931 4161 1097 4219 exstruebat

106 4255 148 4320 11,
917 4275 956 4314 ao
