2784 4917
271 369 338 434 ,σε
575 313 1059 427 ΜυΝιιιυνΕΝΑιιέ

268 484 365 573 Quos
376 494 497 551 natura
507 477 601 548 dedit
614 503 622 547 ε
635 475 692 546 sed
706 490 827 544 trunca
840 497 953 568 puppe
970 474 1128 570 magister

270 595 435 665 Interiora
454 591 539 686 petit
556 589 691 659 saianae
708 589 824 682 pervia
841 584 985 681 cymbae,

269 705 349 775 Tuti
364 719 480 799 stagna
494 704 586 771 sinus
601 727 610 769 :
629 698 779 794 gaudent
795 699 845 769 ibi
858 697 983 766 vertice
1000 721 1075 766 raso

270 813 417 884 Garrula
432 811 541 882 securi
561 833 699 880 narrare
716 805 866 906 pericula
881 822 1004 878 nautae.

318 928 369 993 Ite
383 924 497 1018 igitur,
518 922 630 1017 pueri,
650 920 775 1016 linguis
791 917 1160 1018 animisquefaventes;

270 1035 432 1128 Sertaque
450 1031 597 1102 delubris
611 1045 645 1100 et
658 1030 750 1100 sarra
765 1031 931 1125 imponite
943 1027 1078 1115 cultris,

270 1147 322 1214 Ac
338 1142 454 1212 molles
470 1157 589 1212 ornate
607 1139 699 1212 focos
719 1139 916 1237 glebamque
934 1139 1098 1208 virentem
1115 1162 1124 1204 τ
1327 1145 1356 1195 8⁵
1372 1137 1373 1200 l

270 1256 347 1322 Jam
360 1277 494 1348 sequar,
510 1266 544 1321 et
561 1275 673 1338 sacro,
687 1250 780 1347 quod
794 1265 948 1344 praestat,
967 1251 1029 1318 rite
1045 1260 1209 1343 peracto,

271 1361 357 1431 Inde
371 1362 510 1432 domum
524 1378 689 1459 repetam,
709 1361 847 1457 graciles
863 1361 921 1430 ubi
941 1383 1045 1454 parva
1062 1381 1211 1428 coronas

232 1539 237 1557 ,
271 1473 455 1568 Accipiunt
468 1473 579 1570 fragili
594 1473 772 1543 simulacra
793 1471 935 1541 nitentia
953 1493 1040 1540 cera.

271 1583 337 1652 Hic
355 1598 509 1652 nostrum
527 1581 667 1677 placabo
680 1585 699 1651 J
702 1607 816 1670 ovem,
835 1581 1045 1676 Laribusque
1061 1579 1217 1674 paternis

271 1695 388 1764 Thura
403 1693 510 1782 dabo,
528 1707 629 1789 atque
644 1717 761 1763 omnes
777 1691 875 1762 violae
886 1691 1022 1786 jactabo
1038 1688 1179 1759 colores.
1322 1716 1351 1766 so

270 1808 403 1875 Cuncta
422 1804 549 1892 nitent3
566 1803 685 1899 longos
701 1804 805 1872 erexit
815 1803 920 1896 janua
935 1826 1062 1888 ramos,

270 1919 316 1984 Et
330 1914 504 1983 matutinis
520 1929 679 2008 operatur
694 1913 779 1982 festa
796 1912 952 1983 lucernis.
1050 1944 1054 1952 ·

320 2027 397 2095 Nec
413 2039 569 2118 suspecta
586 2023 647 2092 tibi
665 2025 732 2092 sint
748 2023 837 2108 haec,
854 2025 1021 2094 Corvine:
1041 2019 1211 2112 Catullus,

273 2137 339 2202 Pro
353 2133 449 2227 cujus
463 2132 572 2204 reditu
584 2148 637 2202 tot
650 2157 743 2227 pono
758 2132 889 2220 altaria,
905 2157 1027 2228 parvos

272 2245 356 2312 Tres
369 2242 471 2311 habet
482 2242 619 2312 heredes
632 2269 640 2311 ε
654 2242 734 2312 libet
746 2257 951 2338 exspectare,
967 2244 1044 2338 quis
1055 2266 1178 2336 aegram
1315 2253 1342 2322 95

272 2453 401 2520 partem,
419 2443 473 2500 ubi
491 2459 571 2499 mare
588 2441 764 2499 inoffensum
782 2452 840 2513 eat,
859 2461 892 2500 ac
909 2453 1012 2519 stagno
1030 2440 1140 2513 simile,
1159 2451 1189 2498 et
1210 2440 1265 2498 nbi
1282 2449 1341 2494 tute

272 2548 341 2596 sunt
354 2537 441 2594 etiam
455 2537 609 2607 naviculae,
622 2537 721 2612 quales
735 2535 767 2591 in
781 2535 846 2592 lacu
859 2535 987 2593 Lucrino
999 2535 1134 2592 visuntur
1148 2551 1246 2609 prope
1260 2530 1340 2589 Baias.

272 2628 404 2702 Expositi
415 2639 509 2684 nautae
517 2638 604 2705 caput
616 2627 771 2685 detonsum
780 2636 943 2701 ostentant3
953 2638 984 2684 et
994 2645 1058 2704 quae
1071 2625 1210 2702 fugerunt
1221 2619 1341 2702 pericula
1372 2619 1373 2626 ’

273 2731 427 2776 renarrant
436 2722 503 2778 laeti.

315 2811 364 2870 83.
384 2813 471 2889 Agite
478 2831 565 2890 ergo,
581 2814 696 2884 famuli,
711 2823 740 2870 et
750 2813 834 2872 tacite
850 2825 882 2873 ut
893 2813 1009 2872 silentio
1017 2813 1193 2888 attentisque
1202 2809 1339 2868 mentibu

274 2902 415 2962 sacrificio
434 2905 589 2976 intersitia;
610 2907 750 2981 templum
770 2905 892 2965 floribus
914 2919 1028 2980 ornate;
1050 2907 1159 2963 cultros
1180 2905 1260 2962 mola
1280 2901 1341 2958 salsa

274 2998 472 3074 conspergite3
486 3014 566 3054 aram
584 3018 602 3055 e
618 2999 726 3074 cespite
741 3001 917 3070 construite;
937 3000 1033 3077 ignem
1048 2999 1196 3055 adornate.
1218 2998 1282 3053 Jam
1295 3008 1339 3047 vot

274 3110 456 3166 consequar,
481 3103 512 3148 et
536 3092 614 3148 lacto
637 3092 765 3169 legitime
787 3091 943 3165 sacrificio,
966 3113 1029 3169 quae
1048 3111 1115 3168 pars
1140 3102 1183 3148 est
1205 3087 1340 3166 praecipua

276 3182 366 3242 officii
389 3196 419 3241 et
437 3185 571 3260 pietatis,
594 3185 717 3242 aeleram
738 3203 785 3243 me
807 3186 946 3256 domum,
970 3187 1022 3244 ubi
1044 3204 1166 3244 coronas
1189 3204 1206 3241 e
1228 3181 1338 3241 floribus

276 3278 397 3353 impono
417 3278 542 3335 deorum
562 3277 789 3334 domesticorum
813 3281 913 3337 statuis
935 3280 1085 3356 fragilibus
1110 3292 1140 3336 et
1163 3297 1228 3338 cera
1254 3277 1338 3334 uiten-

277 3370 363 3428 tibus.
386 3370 442 3428 Hic
458 3389 554 3428 meum
575 3371 691 3441 iovem,
710 3381 739 3427 et
757 3371 829 3428 alios
845 3391 919 3448 quos
938 3373 1018 3430 domi
1038 3374 1120 3444 colo,
1136 3391 1210 3448 quos
1228 3370 1340 3444 majores

276 3464 335 3521 mei
356 3465 487 3537 coluere,
507 3481 647 3541 superos,
665 3464 764 3520 oblato
785 3465 871 3522 thure
894 3465 1075 3534 conciliabo,
1097 3473 1126 3522 et
1146 3465 1238 3521 violas
1256 3459 1338 3520 omnis

276 3556 384 3614 coloris
407 3558 515 3616 affatim
538 3575 679 3634 spargam.
704 3559 824 3614 Factum
844 3557 938 3627 bene3
961 3557 1057 3615 omnia
1081 3556 1173 3614 nitida
1196 3567 1226 3612 et
1248 3559 1338 3612 omalt

276 3661 357 3719 suut;
375 3651 579 3710 frondentibus
591 3651 730 3709 arborum
747 3651 833 3707 ramis
847 3661 944 3726 postes
957 3650 1052 3724 janue
1064 3649 1243 3719 vestiuntur;
1261 3658 1289 3704 et
1299 3645 1336 3699 lu·

278 3759 371 3798 cernae
386 3744 568 3820 frequentes,
587 3744 698 3802 ibidem
713 3763 827 3801 summo
844 3763 928 3800 mane
941 3761 1084 3812 accensae,
1111 3741 1171 3799 diei
1183 3741 1260 3798 iusta
1275 3733 1337 3794 tati-

281 3835 351 3890 tiam
364 3837 507 3894 redolent.
594 3831 597 3834 ⁴

318 3927 367 4004 93.
388 3930 489 4004 Neque
503 3949 575 3987 vero
588 3931 731 3988 sinistram
746 3931 783 3989 de
796 3951 842 3989 me
855 3930 1046 4006 suspicionem
1057 3927 1183 4004 aliquam
1194 3921 1261 3996 tibi,
1272 3925 1335 3980 Cur·

277 4021 359 4095 uiue,
373 4033 510 4080 moveant
522 4025 619 4081 isthaec
634 4025 728 4082 officia
741 4025 863 4100 pietatis,
879 4025 1009 4096 Catullo,
1025 4043 1081 4099 pro
1096 4025 1178 4098 cujus
1195 4019 1287 4078 reditu
1299 4022 1334 4072 tut

277 4132 339 4174 aras
352 4125 488 4189 exstruo,
500 4127 568 4175 sunt
576 4115 628 4174 filii
638 4129 696 4178 tres
707 4118 786 4176 domi
793 4161 802 4194 ,
816 4130 845 4181 ct
856 4117 985 4180 heredes.
999 4117 1096 4195 Cedo,
1110 4137 1199 4197 quem
1207 4113 1332 4194 reperta,
