2784 4917
335 426 390 491 ru
412 425 868 493 surtusuuousu.
1101 429 1143 515 ι]

63 536 193 605 totidem
206 538 284 593 uude
293 540 323 592 b.
335 540 389 593 loc.
394 541 469 608 forre
477 552 502 589 et
511 558 575 603 are,
589 538 725 593 frumento
734 552 761 593 st
771 541 900 611 pecunia,
912 546 1026 607 mstodr't,
1041 554 1144 595 susten-

64 634 116 682 tat,
127 626 246 689 ominus,
258 623 356 688 vitam,
368 634 400 676 ut
409 624 465 684 Vl,
475 623 536 687 501,
548 634 574 676 et
587 624 652 688 XV,
663 628 707 689 94.
720 654 755 665 -
764 628 853 686 Fame,
864 624 1004 696 quodlibet
1015 627 1142 681 immenti

64 723 147 774 genus
154 706 337 779 significatur.
348 707 461 779 Triplex
472 720 549 760 notat
560 708 630 761 Ptin.
645 710 761 775 xvl11‚
774 710 799 763 8.
809 710 956 777 Triticum,
969 712 1042 780 siligo
1051 724 1078 765 et
1088 712 1142 765 sar:

64 788 116 841 boc
127 802 155 842 et
167 788 253 856 ador,
264 803 292 844 et
302 790 434 843 adoreum
446 803 576 843 vocatum
584 804 637 857 est,
652 804 678 844 et
692 790 881 855 durissimum,
896 806 923 847 et
938 808 1030 847 contra
1041 794 1142 849 hiemes

64 870 263 939 firmissimum,
273 872 376 927 ibidem
386 872 555 945 perhibetur,
565 892 597 926 sc
605 874 709 946 primus
717 876 836 948 antiquis
846 876 926 931 fuisse
935 878 964 931 in
973 878 1051 932 Lutio
1058 878 1142 933 cibus.

64 954 159 1028 Capite
172 976 239 1011 vero
250 956 414 1028 prsecedenti
425 957 558 1028 populum
570 975 713 1011 romanum
726 959 765 1012 ait
778 959 849 1013 farre
863 972 968 1012 tantum
980 979 995 1013 e
1009 960 1143 1014 frumento

65 1040 191 1092 nectutis
203 1040 283 1093 aunis
291 1058 379 1093 usum.
400 1040 491 1093 Farris
503 1039 586 1093 etiam
594 1059 657 1092 usus
669 1040 697 1091 in
710 1040 791 1093 sacris
803 1040 1019 1109 commendatur,
1032 1041 1105 1096 unde
1117 1055 1145 1097 et

65 1123 140 1193 pium
150 1122 195 1177 las·
204 1122 364 1177 vocitatum.
381 1123 453 1175 Hinc
462 1134 489 1175 et
501 1122 629 1175 farreatio
640 1119 727 1187 dicta,
743 1125 906 1178 sacrificium
918 1125 945 1177 in
958 1144 1013 1197 quo
1026 1125 1144 1179 farreum

65 1206 152 1259 libum
171 1206 341 1260 offerebatur
352 1244 362 1270 ,
383 1204 419 1259 sd
440 1203 601 1258 sanciendas
621 1205 735 1257 solemni
756 1208 810 1261 ritu
832 1208 941 1280 nuptias
963 1206 1143 1262 sacerdotum.

66 1288 192 1343 Meminit
210 1290 281 1344 Plin.
304 1289 353 1341 lib.
368 1288 415 1341 cit.
427 1307 461 1363 .⁰·
483 1288 509 1342 ³.
526 1319 562 1329 —
583 1288 624 1340 De
640 1306 779 1345 servorum
799 1288 924 1344 demenso
945 1289 1007 1344 ride
1028 1290 1065 1344 od
1088 1292 1143 1358 vt,

68 1390 126 1427 ssu.
144 1375 201 1427 En.

100 1521 169 1568 Vsu.
191 1520 250 1567 ηδ.
268 1520 364 1579 Possis,
383 1535 428 1582 ¹7,
445 1520 492 1579 ιθ,
508 1528 558 1578 ut,
573 1522 687 1583 tii-49.
705 1518 799 1579 Possit,
819 1536 858 1585 ¹9·
871 1546 908 1560 ·-·
923 1524 1081 1583 Hieromus,
1098 1524 1143 1587 qui

65 1607 162 1655 silentio
170 1608 370 1671 pratermittitue
379 1607 411 1655 sb
423 1606 618 1671 interpretibus,
629 1606 727 1670 quoties
740 1623 796 1655 eum
805 1606 869 1673 legi,
883 1624 980 1673 semper
988 1624 1027 1657 ms
1037 1608 1142 1657 offendit

64 1692 137 1755 (nam
146 1700 172 1737 et
181 1690 283 1755 languet
289 1706 404 1754 meusque
412 1688 528 1755 repetitio
536 1699 617 1737 estus.
629 1704 694 1752 119,
706 1700 730 1737 et
742 1688 834 1739 idcirco
842 1692 916 1755 plone
925 1692 1039 1755 ineptum
1044 1690 1143 1741 videtur

65 1773 112 1821 boo
122 1774 213 1841 loco);
231 1790 377 1839 semperque
389 1774 489 1839 putavi,
502 1772 568 1821 banc
582 1770 636 1821 esss'
647 1773 753 1837 glossam
769 1774 797 1822 in
809 1774 920 1839 margine
930 1775 1092 1840 adscriptam,
1110 1774 1142 1822 ad

65 1874 101 1907 vs
119 1872 187 1922 ιιι),
205 1856 245 1905 tis
253 1857 378 1924 principue
388 1856 495 1918 mussi,
513 1868 541 1905 ut
553 1854 653 1925 linguas
667 1854 847 1919 mancipiorum
860 1868 1011 1905 contemnas.
1027 1858 1142 1920 Quorum

66 1942 201 1991 verborum
214 1941 284 1989 baud
297 1936 376 1990 dubio
387 1942 632 2005 interpretamentum
642 1940 688 1987 fuit
699 1956 705 1986 :
717 1936 812 1986 Idcirco
826 1950 852 1987 sse
861 1939 941 2005 possis
957 1939 1068 2007 linguam
1083 1954 1141 1986 cors·

63 2036 169 2072 seusam
181 2022 263 2081 semi,·
275 2022 345 2088 quod
356 2039 433 2088 quum
447 2024 476 2070 in
489 2032 583 2069 textum
597 2022 729 2087 imperet,
742 2036 871 2087 perperam
885 2038 898 2071 a
911 2023 1019 2071 librariis
1032 2023 1060 2071 iu
1072 2038 1141 2081 euru,

65 2124 141 2171 quens
152 2122 224 2155 nuuc
235 2114 353 2170 occupat,
370 2105 454 2153 locum
471 2115 507 2153 est
520 2103 678 2164 translatum,
697 2113 722 2151 et
734 2103 826 2167 possim
842 2106 978 2169 repositum
990 2120 1038 2169 pro
1045 2104 1143 2169 posss's,

65 2192 133 2257 qnod
145 2202 232 2238 tamen
243 2200 268 2237 ot
279 2190 362 2253 ipsum
372 2188 400 2236 in
411 2205 452 2251 17,
465 2190 511 2246 rii,
525 2197 574 2247 at,
588 2188 708 2251 tii-¹09,
722 2186 905 2251 etqnibusdam
915 2188 984 2237 MSS.
995 2188 1071 2237 Paris.
1082 2188 1143 2253 leqi·
1202 2228 1204 2233 .

65 2288 111 2325 tus.
125 2276 165 2323 m
180 2274 266 2322 suiuus
283 2282 366 2320 autem
379 2272 416 2319 illi
432 2270 593 2330 dubitarunt,
608 2270 670 2333 quln
687 2268 742 2316 bac
758 2269 833 2318 verba
851 2270 954 2335 abipso
972 2280 1044 2335 poeta
1060 2280 1142 2318 essem

64 2358 192 2424 profecta,
202 2370 280 2420 quum
293 2354 373 2419 glossa
385 2354 431 2401 ista
447 2369 532 2401 versus
545 2363 608 2401 esset
619 2352 775 2412 boxsmetes3
788 2352 858 2416 quod
870 2368 943 2414 vero,
959 2354 999 2402 vel
1013 2370 1071 2401 casu
1087 2351 1143 2401 ilari

64 2443 147 2507 potuit
155 2454 241 2500 coeoo,
251 2438 292 2487 uel
299 2454 375 2504 parva
384 2436 519 2486 verborum
529 2436 730 2501 transpositione.
742 2435 833 2484 Consu
843 2436 944 2484 Excute.
954 2435 987 2483 ad
995 2436 1044 2483 Sat.
1054 2437 1087 2497 V,
1096 2450 1143 2499 90,

64 2544 108 2591 9¹·
119 2553 156 2574 e-
166 2526 219 2573 llss
228 2523 382 2584 conjecmras
391 2520 443 2569 vidi
452 2529 537 2585 postea
548 2518 643 2567 firmari
653 2519 797 2567 auctoritate
806 2535 859 2567 non
872 2530 920 2566 tam
935 2520 997 2568 cod.
1011 2521 1058 2580 13,
1068 2535 1142 2582 equo

64 2614 105 2660 bic
117 2626 206 2660 vesstra
216 2626 268 2658 una
278 2624 336 2656 cum
346 2622 396 2671 seq.
406 2608 498 2667 ejectus
507 2614 543 2653 est
553 2605 593 2671 (ut
606 2606 710 2667 trecenti
722 2605 779 2663 slii;
793 2604 861 2653 unde
870 2604 938 2653 baud
947 2604 1081 2669 quidquam
1092 2607 1142 2653 iere

66 2695 186 2745 momenti
196 2692 276 2743 babet
287 2692 316 2739 in
330 2707 357 2738 re
372 2688 490 2753 critica),
508 2703 581 2753 quam
595 2686 703 2734 duorum
715 2688 783 2735 MSS.
795 2687 872 2735 Paris.
887 2685 1002 2750 aquibus
1019 2687 1101 2749 obest,
1117 2696 1142 2735 st

66 2778 157 2828 codicis
172 2774 337 2827 vetustissimi
355 2772 386 2834 8,
403 2772 432 2820 in
449 2786 501 2835 quc
518 2785 605 2818 versus
624 2770 777 2833 ull-rat,
796 2769 846 2821 boc
863 2772 951 2822 urdine
966 2788 994 2821 ac
1012 2770 1088 2821 modo
1105 2771 1143 2821 lt·
1209 2818 1211 2823 .

67 2874 175 2928 guntur:

254 2940 389 2989 Visentium
399 2948 477 2997 reete,
487 2954 542 2986 cum
550 2945 652 3000 propter
662 2937 779 2999 plurima,
792 2946 849 2985 tuuc
859 2948 895 2986 est

254 3017 361 3070 idcirco,
372 3026 400 3063 ut
413 3014 491 3078 possis
502 3014 608 3076 linquam
619 3022 774 3059 contemnere
783 3012 857 3067 servi,

252 3092 377 3154 Proecipuo
386 3089 476 3138 caussis
484 3124 492 3143 ,
503 3098 532 3137 ut
540 3089 634 3151 linquss
643 3088 818 3149 mancipiorum

254 3169 408 3214 Contemnss.
418 3167 468 3213 Nec
476 3164 557 3229 lingua
566 3164 623 3211 mali
632 3178 687 3225 psrs
696 3162 798 3225 pessima
809 3162 878 3209 ιιι-ιι.

254 3240 369 3291 Datsrior
379 3251 460 3287 tamon
472 3241 525 3293 bis,
538 3238 580 3301 qui
592 3239 655 3285 liber
665 3238 768 3285 moverit
779 3234 848 3291 illos,

255 3318 363 3374 Quarum
375 3315 466 3361 suisuss
477 3323 502 3359 et
513 3313 576 3361 farre
588 3328 632 3361 suo
644 3312 751 3360 custodit
760 3320 784 3359 et
795 3328 849 3359 nse.

253 3390 320 3439 Utile
328 3390 461 3444 consilum
471 3398 516 3436 etc.

68 3500 130 3546 ltine
140 3498 279 3547 Pithecusa
286 3509 386 3559 qnoque
394 3494 445 3554 jam
453 3492 515 3540 olim
524 3508 623 3541 versum
633 3493 702 3541 bunc
712 3492 850 3543 tollendum
861 3494 892 3543 do
903 3496 1004 3560 medio,
1014 3508 1042 3543 ut
1053 3512 1148 3562 suppo-

68 3581 182 3642 sititium,
195 3588 241 3629 aut
251 3578 337 3643 potius
351 3574 475 3641 duplicem
488 3574 559 3639 quasi
572 3576 699 3623 censuisse
711 3576 886 3626 animadverto.
906 3578 945 3626 Sic
957 3578 985 3626 in
996 3578 1085 3628 eodem
1096 3581 1149 3629 MS.

70 3675 240 3729 noxpostes.
254 3662 304 3717 134
315 3661 404 3726 iegitur
414 3658 456 3708 bic
466 3676 473 3705 ι
484 3658 573 3706 Gratus
584 3657 648 3716 err's,·
659 3668 685 3706 tu
695 3657 865 3725 tantumsucis
877 3658 987 3727 imprime
996 3660 1102 3711 dentem.

102 3758 165 3811 Nor
186 3757 338 3823 rat-129.
357 3751 452 3805 Verba
469 3750 583 3804 Nuroli.

103 3916 174 3965 Vsa.
195 3922 255 3972 ssa.
275 3911 410 3961 Consilium
426 3925 505 3970 sanc,
525 3912 788 3974 sedcommanc,16,
808 3930 848 3978 ¹9·
866 3914 1013 3977 Consilium,
1031 3917 1077 3965 sed
1087 3932 1151 3965 nunc

69 4012 208 4057 mnae,
222 3997 262 4045 ri.
277 3993 411 4045 censuim
419 3992 494 4056 miii,
505 3995 699 4058 sedeommuue,
711 3997 755 4060 25,
767 4012 809 4061 sq,
821 4000 942 4061 45-50,
956 4000 1004 4059 54,
1018 4000 1069 4059 55,
1082 4000 1152 4060 ⁵7-

68 4080 223 4142 to,6s,65.

104 4173 166 4227 Nor
180 4177 238 4236 sal.
260 4172 463 4224 Utileeorssilium
474 4172 567 4223 dedisti
576 4170 663 4227 scilic.
677 4190 761 4246 supro
774 4193 814 4229 ss.
830 4176 879 4230 ud
891 4196 946 4249 seq.
960 4179 1005 4229 sed
1015 4192 1154 4237 commune,
