2784 4917
277 358 338 427 302
546 312 588 423 n.
617 356 756 425 suun
783 356 1068 423 Juvnusms

325 478 444 547 Mitem
456 475 623 559 animum,
638 488 672 542 et
682 474 795 542 mores
805 472 949 542 modicis
959 475 1129 543 erroribus
1140 500 1252 570 mquos
1307 490 1335 542 ιε

275 588 449 683 Praecipit,
467 600 566 680 atque
581 583 711 653 animas
726 607 900 652 servorum
917 598 951 652 et
966 608 1111 679 corpora
1123 600 1238 655 nostra

276 687 416 767 Materia
432 708 582 767 constare
597 707 693 789 putat
711 692 913 787 paribusque
931 691 1128 764 elementis?

276 814 330 879 An
348 808 463 877 saevire
480 805 578 875 docet
593 801 744 889 Rutilus,
762 803 822 895 qui
840 801 964 895 gaudet
981 803 1103 874 acerbo

277 915 454 1011 Plagarum
470 914 626 1008 strepitu,
643 926 678 981 et
692 908 820 979 nullam
833 912 954 982 Sirena
968 911 1105 1007 flagellis

278 1029 475 1120 Comparat,
494 1020 720 1116 Anthiphntes
732 988 853 1116 trepidi
869 1019 948 1091 laris
962 1046 1004 1121 ac
1016 1019 1257 1118 Polyphemus,
1311 1053 1340 1086 ιο

278 1137 365 1203 Tum
383 1131 478 1219 felix,
493 1132 622 1226 quoties
640 1130 759 1225 aliquis
775 1145 904 1200 tortore
918 1134 1040 1223 vocato

278 1244 399 1315 Uritur
414 1240 544 1311 ardenti
563 1240 631 1310 duo
647 1253 789 1335 propter
806 1237 910 1311 lintea
926 1240 1044 1311 ferro?

279 1350 372 1439 Quid
389 1350 507 1421 suadet
518 1350 636 1444 juveni
649 1348 743 1419 lectus
758 1350 902 1421 stridore
915 1365 1058 1439 setene,

279 1461 391 1548 Quem
406 1460 491 1528 mire
503 1457 659 1528 afliciunt
672 1459 834 1554 inscripta
851 1458 1031 1556 ergastula,
1047 1485 1163 1531 carcer

280 1568 459 1638 Rusticus?
478 1582 668 1662 exspectas,
685 1582 808 1637 utnon
821 1568 864 1636 sit
877 1567 1027 1641 adultera
1039 1570 1158 1665 Largae
1313 1588 1341 1637 25

280 1677 379 1765 Filia,
397 1702 471 1773 quae
486 1700 672 1771 numquam
690 1691 860 1746 maternos
878 1677 990 1747 dicere
1007 1680 1157 1749 moechos

280 1790 364 1856 Tam
382 1788 451 1857 cito
468 1810 532 1857 nec
552 1798 646 1854 tanto
662 1786 786 1880 poterit
802 1802 976 1857 contexere
991 1814 1109 1876 cursu,

282 1898 332 1966 Ut
345 1922 417 1967 nou
430 1912 481 1966 ten
497 1896 607 1967 decies
621 1896 785 1991 respuet?
802 1900 936 1967 conscia
950 1902 1049 1969 matri
1084 1916 1089 1923 '

282 2008 389 2101 Virgo
402 2006 485 2093 fuit3
498 2030 590 2075 ceras
603 2030 696 2074 nunc
708 2006 775 2075 hac
790 2004 937 2076 dictante
953 2007 1087 2103 pusillas

282 2115 422 2210 Implet,
440 2114 529 2183 etad
544 2115 694 2184 moechos
708 2114 767 2184 dat
781 2114 907 2186 eisdem
920 2116 1007 2186 ferre
1023 2118 1166 2188 cinaedis.

284 2228 341 2299 Sic
355 2241 475 2295 natura
485 2215 583 2320 jubet
599 2251 606 2295 :
628 2224 776 2295 velocius
791 2243 824 2296 et
838 2210 937 2298 citius
951 2252 1015 2296 nos

286 2338 519 2431 Corrumpunt
536 2336 697 2407 vitiorum
715 2335 867 2432 exempla
884 2336 1085 2423 domestica,
1104 2336 1235 2431 magnis

327 2516 372 2575 15.
392 2518 562 2595 Praecipitne
576 2517 692 2575 Rutilus
712 2516 813 2575 mitem
830 2518 959 2575 amium
976 2518 1100 2591 habere,
1118 2529 1149 2575 et
1165 2536 1237 2593 erge
1253 2518 1344 2575 leviter

286 2622 380 2668 errata
391 2611 557 2671 lenitatem?
579 2612 702 2670 Putatne
713 2630 866 2669 servorum
880 2622 991 2669 mentes
1004 2622 1035 2669 et
1046 2630 1171 2686 corpora
1185 2630 1220 2669 ea
1234 2631 1288 2688 qm
1300 2630 1346 2669 nos

285 2705 421 2777 materia,
437 2705 489 2776 iis,
512 2705 617 2781 quihus
637 2724 707 2776 nos,
725 2701 876 2780 principiis
891 2704 1039 2763 constare?
1060 2708 1109 2762 Au
1125 2707 1214 2764 docet
1230 2704 1345 2763 crudeli·

287 2807 391 2867 tatem,
403 2815 495 2871 quum
507 2796 667 2855 delectetur
677 2797 783 2855 acerbo
795 2797 895 2855 sonitu
906 2798 1058 2874 plagarum
1068 2816 1101 2855 ac
1112 2798 1227 2868 nullos,
1241 2810 1270 2855 et
1278 2797 1348 2856 Sire-

287 2906 358 2943 num
380 2898 479 2945 centus
497 2886 618 2965 flagellis
635 2888 838 2947 resonantibus
855 2890 1000 2947 dulciores
1011 2888 1124 2959 credat,
1140 2908 1238 2947 novus
1252 2890 1283 2951 in
1299 2899 1348 2944 tre

288 2980 358 3056 pida
370 2980 460 3037 domo
476 2981 647 3055 Antiphates
663 2990 692 3035 et
707 2980 921 3056 Polyphemus?
941 2984 1019 3038 Tum
1033 2980 1101 3038 felix
1119 2990 1162 3037 est
1179 2982 1250 3055 iste,
1268 2998 1348 3055 quum

287 3072 390 3147 aliquis
404 3090 523 3143 servus,
544 3082 648 3128 vocato
666 3068 817 3144 carnifice,
839 3072 967 3129 inuritur
988 3073 1083 3130 ferres
1107 3072 1213 3128 lemine
1233 3070 1348 3137 amend,

288 3164 329 3221 ob
351 3162 411 3221 duo
432 3162 521 3220 lintea
547 3162 659 3219 amissa.
687 3165 770 3234 Quos
794 3182 892 3221 sensus
914 3163 1017 3238 juveni
1037 3163 1157 3221 cuilibet
1179 3163 1308 3242 suggerit
1330 3162 1349 3217 is

289 3254 342 3333 qui
361 3254 487 3313 stridore
508 3266 673 3312 catenarum
689 3254 817 3326 laetatur,
833 3272 921 3329 quern
936 3256 1021 3313 valde
1035 3255 1120 3329 juvat
1137 3274 1240 3314 servos
1256 3256 1350 3311 habere

286 3334 321 3405 iu
335 3348 435 3407 fronte
447 3356 579 3418 notatos,
594 3357 624 3403 et
641 3364 710 3403 rure
724 3346 873 3403 carceres?
886 3350 934 3404 An
951 3365 1049 3423 speras
1063 3346 1128 3407 lore
1138 3358 1172 3405 ut
1184 3349 1288 3425 Larga
1299 3344 1350 3403 tilis

289 3438 400 3515 nonsit
414 3437 557 3498 adulterio
569 3436 682 3508 dedita,
698 3454 762 3511 que
776 3454 926 3513 nunquam
937 3439 1056 3496 nomine
1067 3440 1250 3498 moechorum
1262 3438 1350 3497 maus

283 3532 364 3589 'adeo
378 3530 519 3589 velociter
534 3529 655 3587 recitare
670 3527 780 3604 poterit
796 3541 826 3587 et
838 3541 916 3587 tanta
929 3532 1129 3607 iesdnmione,
1147 3545 1258 3592 utnon
1267 3531 1351 3591 tricies

283 3624 449 3683 ¹anhelitum
458 3624 596 3699 recipiat?
605 3622 902 3707 Flagitiorummatris
911 3626 1027 3682 conscia
1034 3624 1102 3697 fuit,
1112 3627 1183 3684 dum
1190 3625 1351 3705 virgoerat:

292 3739 384 3791 nunc,
403 3731 495 3777 matre
513 3720 620 3796 stylum
640 3718 778 3789 docente,
798 3707 894 3776 literas
913 3719 1066 3777 amatorias
1082 3718 1198 3791 scribit,
1218 3737 1289 3795 quas
1308 3732 1352 3791 per

293 3810 426 3883 eosdem,
440 3830 494 3888 per
508 3830 582 3887 quos
597 3821 700 3883 mater,
715 3810 832 3867 lenones
844 3809 882 3867 ad
896 3808 1044 3869 adulteros
1059 3810 1192 3869 serendus
1203 3822 1295 3869 curat
1311 3804 1352 3863 sic

294 3921 310 3958 a
323 3912 426 3959 natura
437 3902 595 3979 comparati
605 3922 720 3973 sumus,
733 3913 767 3959 ut
777 3902 916 3979 exemplis
929 3902 1093 3961 domesticis
1103 3903 1246 3961 vitiorum
1253 3897 1352 3960 facilius

296 3997 389 4051 multo
400 4005 430 4051 et
439 3995 576 4067 celerim,
588 4014 674 4071 quam
686 3996 812 4053 externis
823 4007 853 4053 et
862 3994 1023 4071 peregrinis
1036 3994 1238 4071 depravamur,
1246 4008 1353 4070 preser-

296 4089 348 4145 tim
365 4107 454 4165 quum
466 4086 689 4163 proficiscuntur
705 4088 742 4145 ah
758 4088 939 4160 hominibus,
957 4107 1083 4164 quorum
1096 4088 1252 4147 auctoritas
1268 4078 1353 4160 magni
