2784 4917
262 406 444 473 sirmi
468 407 665 474 uncins
689 413 902 496 Qunnm.
1056 417 1119 502 309
1149 449 1158 474 ,

30 513 147 584 Altera
160 517 243 588 villa
258 521 336 608 tibi,
351 545 456 615 quum
472 545 529 591 rus
542 547 612 592 non
627 525 754 596 suflicit
770 555 894 617 unum,

27 627 70 692 Et
86 629 254 720 proferre
274 630 356 701 libet
374 632 476 720 linem
498 636 674 730 majorque
689 637 824 708 videtur

28 737 72 803 Et
87 738 219 807 melior
231 741 344 811 vicina
356 767 472 839 seges:
493 746 651 814 mercaris
665 762 701 815 et
714 746 819 834 hanc,
834 764 868 817 et

30 848 198 936 Arbusta,
217 865 252 920 et
267 851 368 920 densa
385 869 536 922 montem
555 855 613 948 qui
630 871 731 925 canet
745 854 847 926 oliva.

28 954 358 1053 Quorumsiprctio
373 962 530 1033 dominus
543 988 615 1032 non
628 966 778 1034 vincitur
794 965 880 1052 ullo,
1069 983 1115 1045 ms

30 1067 144 1137 Nocte
161 1068 268 1138 boves
284 1074 405 1158 macri,
423 1071 576 1168 lassoque
594 1073 751 1144 famelica
766 1074 854 1145 collo

28 1177 212 1264 lumenta,
231 1179 275 1249 ad
289 1181 413 1252 virides
428 1183 531 1276 hujus
545 1186 723 1254 mittentur
739 1186 872 1270 aristas;

30 1290 103 1358 Nec
118 1291 220 1384 prius
232 1292 312 1362 inde
326 1294 482 1383 domum,
503 1319 605 1390 quam
620 1310 690 1365 tota
703 1295 836 1365 novalia
851 1319 954 1365 saevos

31 1397 69 1464 ln
84 1413 224 1470 ventres
239 1401 374 1488 abeunt,
389 1419 428 1472 ut
441 1403 559 1474 credas
576 1403 716 1473 falcibus
730 1419 852 1473 actum.

30 1507 157 1576 Dicere
170 1510 227 1578 vix
244 1510 366 1604 possis,
381 1511 595 1606 quammulti
609 1510 687 1580 talia
701 1511 852 1606 plorent,
1064 1523 1114 1584 150

31 1619 72 1684 Et
88 1633 178 1711 quot
190 1619 324 1690 venales
337 1621 465 1713 injuria
481 1620 598 1691 fecerit
611 1645 721 1716 agros.

76 1729 145 1799 Sed
162 1729 223 1823 qui
238 1730 430 1801 sermones?
446 1755 548 1826 quam
562 1730 660 1800 foedae
675 1733 818 1802 buccina
835 1731 952 1802 famae?

32 1837 123 1925 Quid
142 1854 246 1908 nocet
260 1839 350 1909 boo?
366 1841 477 1935 inquit
492 1866 501 1910 τ
518 1841 667 1910 tunicam
682 1841 767 1910 mihi
783 1841 871 1928 mulo
887 1840 1013 1936 lupini,

34 1947 145 2035 Quam
159 1950 189 2018 si
203 1973 258 2018 me
273 1963 346 2020 toto
360 1949 473 2021 laudet
484 1952 610 2021 vicinia
623 1974 711 2046 pugo

38 2059 157 2154 Exigui
170 2059 259 2128 ruris
271 2061 471 2154 paucissima
483 2061 574 2130 farra
586 2074 765 2130 secantem.
1063 2077 1110 2130 1⁵5

36 2168 168 2238 Scilicet
187 2185 222 2238 et
236 2170 362 2238 morbis
380 2186 413 2239 et
429 2168 600 2238 debilitate
616 2171 759 2255 carebis,
786 2193 790 2200 ’

38 2280 78 2346 Et
91 2276 222 2348 luctum
236 2296 270 2348 et
281 2303 398 2350 curam
413 2279 570 2376 effugies,
588 2295 622 2349 et
634 2295 792 2375 tempora·
803 2284 879 2351 vite

40 2521 109 2579 adeo
127 2535 162 2582 nt
182 2527 235 2602 qui
253 2529 368 2603 penitus
388 2529 438 2585 illa
456 2541 555 2602 caret,
575 2532 669 2590 levius
688 2529 818 2590 eumdem
839 2529 990 2590 desideret
1010 2528 1111 2603 ltaque

41 2634 126 2690 quum
136 2618 192 2675 tibi
203 2619 271 2676 rilln
285 2639 343 2676 nne
360 2621 428 2678 satis
438 2639 500 2677 non
517 2622 570 2694 sit,
590 2623 710 2679 alteram
722 2621 873 2691 mercuris3
887 2621 981 2695 placet
991 2617 1055 2694 agri
1067 2619 1111 2675 tui

40 2705 139 2764 limites
150 2711 309 2768 extendere
320 2733 329 2768 ε
340 2711 430 2768 vicini
442 2713 506 2768 ervi
521 2720 620 2788 seges,
634 2725 664 2769 et
679 2713 788 2787 major,
802 2723 832 2770 et
845 2711 958 2769 felicior
972 2711 1089 2769 ridetur
1102 2733 1109 2768 ε

42 2795 110 2854 illud
118 2801 274 2858 emendum
285 2802 406 2878 suscipis
416 2823 484 2860 eum
496 2821 605 2861 amoenn
621 2804 724 2862 silvula
738 2816 767 2862 et
777 2816 877 2862 monte
890 2805 969 2880 ipso,
980 2803 1030 2880 qni
1039 2803 1111 2861 oleis

43 2889 130 2947 densis
150 2892 265 2949 albicat.
288 2895 378 2964 Quod
396 2894 420 2951 si
438 2895 574 2970 compelli
591 2895 695 2971 nequit
712 2896 848 2952 dominus
867 2895 962 2952 obluta
978 2913 1034 2970 pro
1053 2893 1109 2951 illis

43 2994 269 3059 quantacumque
283 2987 426 3061 pecunie,
454 2999 488 3043 ut
513 2985 641 3058 vendut,
665 3005 736 3062 grex
754 2987 845 3044 boum
867 2987 1056 3056 macilentus,
1080 2997 1110 3043 et

43 3087 131 3132 enecta
138 3076 217 3133 fame
227 3097 261 3134 nc
268 3077 437 3137 lassitudine
445 3079 589 3153 jumenta,
601 3078 632 3134 in
641 3089 752 3155 segetes
762 3077 851 3148 illins,
862 3079 990 3136 virentes
1000 3077 1108 3146 adhuc,

43 3165 223 3226 inittentnra
231 3179 261 3226 te
272 3181 380 3243 noctu3
394 3189 449 3229 nec
457 3171 539 3246 prius
549 3171 689 3227 redibunt
697 3170 767 3228 inde
779 3170 913 3240 domurn,
922 3188 1009 3246 quum
1019 3169 1109 3226 herbe

46 3264 129 3318 omnis
144 3283 178 3320 se
193 3283 258 3338 spes
267 3265 367 3322 messis
379 3264 484 3322 futurae
497 3285 512 3321 a
527 3266 666 3323 famelicis
676 3266 815 3323 armentis
825 3265 939 3340 depasto
951 3265 982 3320 in
992 3275 1110 3322 ventres

45 3352 151 3425 abierit,
161 3355 285 3431 perinde
294 3358 375 3432 quusi
386 3357 507 3414 falcibus
518 3359 619 3416 fuisset
627 3359 746 3415 succisa.
760 3359 817 3414 Vix
829 3358 887 3414 dici
900 3367 1009 3432 potest,
1021 3374 1107 3430 quam

45 3448 116 3503 multi
124 3467 190 3505 snas
199 3461 308 3522 segetes
317 3450 356 3505 its
369 3449 534 3524 deperditas
545 3453 755 3520 lamententur,
768 3469 853 3524 quarn
865 3447 951 3504 multi
961 3465 1014 3520 per
1025 3446 1109 3503 istem

44 3537 168 3608 injuriam
179 3552 209 3598 et
218 3540 434 3617 improbitatem
446 3561 513 3599 suos
527 3561 612 3620 agros
626 3543 786 3600 divendere
799 3542 857 3597 sint
871 3539 973 3596 coacti.

79 3633 140 3689 152.
160 3637 225 3710 Age
233 3651 306 3690 vero
316 3635 381 3709 quis
388 3635 541 3692 bominum
552 3645 595 3691 est
606 3633 721 3690 sermo?
731 3651 817 3707 qnam
825 3631 898 3688 loedn
909 3629 1028 3688 buccine
1041 3651 1109 3708 per-

45 3737 116 3780 sonat
124 3727 204 3801 apud
212 3743 313 3783 omnes
325 3727 400 3783 sumn
410 3737 459 3783 tue
464 3767 474 3796 ,
489 3726 593 3784 uvore?
600 3759 642 3770 ·-
652 3725 734 3796 Quid
740 3723 876 3780 hocmilri
885 3723 1001 3782 tandem
1008 3725 1110 3783 obest?

47 3814 138 3891 inquis.
151 3818 233 3875 Molo
246 3819 400 3895 leguminis
414 3819 545 3876 vilissimi
561 3818 694 3892 siliquam
708 3817 832 3883 habere,
848 3835 935 3891 qnam
951 3816 1063 3874 laudari
1074 3820 1111 3876 ab

46 3911 167 3966 omnibus
176 3910 280 3968 ineolis
287 3911 355 3988 pugi
364 3911 396 3967 in
404 3911 525 3981 ricinia,
539 3911 564 3969 si
574 3929 678 3986 parum
689 3909 807 3966 interim
818 3909 957 3966 frumenti
970 3930 1006 3966 ex
1017 3911 1110 3988 agello

47 4014 154 4077 angmto
168 4002 312 4079 colligam.
328 4035 369 4050 -
387 4006 499 4079 Nempe
516 4003 549 4061 id
567 4003 743 4079 assequeris,
761 4003 881 4078 opinor,
901 4003 958 4060 tuis
975 4004 1032 4060 illis
1046 4003 1112 4078 opi-

49 4093 109 4163 bus,
122 4107 156 4151 nt
169 4095 294 4166 morbis,
314 4095 483 4154 infirmitate
500 4115 613 4168 careas,
629 4115 785 4154 moerorem
798 4108 828 4154 et
841 4115 923 4154 curas
937 4095 1112 4171 propulses?

49 4192 78 4236 ut
91 4185 299 4263 vitslongiore
311 4199 341 4244 et
357 4188 486 4246 beatiore
502 4188 674 4266 perfrucris,
693 4189 718 4247 si
735 4188 799 4266 agri
816 4188 908 4263 opimi
924 4187 1031 4244 limites
1043 4197 1107 4244 tan·
