2784 4917
150 366 322 435 sarram
346 364 527 433 oronam
550 366 707 433 saxum
731 367 950 437 anairsrs.
1024 314 1110 461 ⁴¹90

37 484 98 545 etde
110 486 270 565 Magnitud.
287 486 372 543 Rom.
389 487 418 553 l,
434 486 462 553 6,
478 483 597 559 aliisque
614 495 822 542 memorantur.
840 484 899 543 Sed
914 487 978 559 quis
992 488 1091 563 poeti-

37 598 87 635 cam
98 579 137 636 rei
149 578 360 653 expositionem
377 578 415 633 ita
429 577 466 633 ad
481 576 606 633 calculos
617 576 756 633 vocabit?
771 608 811 621 -
826 576 896 647 Quo
909 578 976 659 loco
991 590 1090 656 etqua

37 671 172 728 mensione
187 672 248 727 hac
263 670 357 729 Satira
372 670 408 727 sit
423 669 547 744 scripta,
564 686 666 743 parum
682 680 804 726 constat.
817 671 960 729 Nonnulli
974 684 1092 747 putant,

37 780 88 819 eam
102 762 284 832 aluvenale,
297 780 387 835 quum
402 760 527 835 primum
539 760 622 834 jussu
633 761 792 819 Domitiani
806 764 918 820 venerit
936 764 967 820 in
984 768 1095 843 AEgyp-

39 866 107 923 tum,
120 854 309 931 compositam
321 873 382 911 csse
391 854 421 909 in
435 852 546 911 Paridis
558 851 730 929 pantomimi
743 852 896 925 iuvidiam,
909 872 970 930 quo
978 868 1097 915 auctore

38 950 68 1005 ab
80 951 155 1007 Urbe
170 960 299 1035 remotuq
313 948 365 1015 sit,
382 958 411 1005 et
424 948 493 1004 falsa
508 947 628 1004 honoris
644 945 739 1021 speeie
755 947 870 1003 cohorti
885 948 1050 1021 praelectus,
1068 960 1100 1007 et

40 1040 133 1097 militie
148 1040 260 1098 landari
272 1040 439 1109 commoda,
453 1058 490 1095 ne
505 1038 583 1095 Paris
600 1037 797 1095 conditionem
811 1050 920 1114 poetae,
936 1041 1017 1114 qnod
1033 1060 1097 1097 ma-

40 1133 104 1190 xime
118 1133 276 1208 optaverit,
292 1132 425 1189 miseram
442 1150 502 1189 esse
516 1130 647 1188 crederet
662 1143 691 1188 et
706 1129 857 1189 infelicem.
879 1132 938 1191 Sed
950 1135 1097 1192 luvenalis

42 1244 92 1281 non
106 1246 120 1281 a
136 1225 304 1283 Domitiano
316 1234 346 1279 et
361 1224 478 1291 Paride,
494 1224 546 1281 sed
561 1224 597 1280 ab
613 1224 761 1281 Hadriano
779 1224 810 1281 in
822 1224 954 1282 exsilium
969 1238 1013 1283 est
1027 1228 1099 1285 mis·

43 1334 82 1373 sus
92 1316 156 1390 (vid.
170 1316 237 1373 Vita
250 1314 322 1394 ejus)
333 1338 340 1373 :
353 1317 431 1373 unde
445 1316 475 1373 in
489 1314 573 1389 hujus
587 1318 686 1374 saltem
703 1316 888 1391 imperatoris
899 1329 930 1373 et
943 1320 1100 1392 histrionis,

45 1407 86 1481 qui
104 1408 128 1465 ei
146 1408 177 1465 in
194 1409 306 1467 deliciis
323 1408 395 1480 luit,
417 1408 556 1467 invidiam
576 1410 636 1465 haec
656 1409 802 1484 scripsisse
820 1410 979 1467 censendus
995 1422 1046 1467 est.
1069 1414 1103 1471 Si

46 1508 127 1557 tamen
145 1512 228 1576 poeta
249 1512 350 1559 noster
371 1501 456 1575 hujus
481 1500 616 1561 carminis
635 1488 738 1560 auctor
756 1503 826 1572 fuit,
848 1502 986 1575 suspicari
1003 1506 1102 1561 malim

47 1593 207 1651 maionem
221 1594 260 1650 ad
272 1594 346 1651 illud
356 1592 568 1652 conficiendum
583 1596 609 1651 ei
622 1595 748 1653 oblatam
765 1594 852 1652 luisse
866 1615 881 1651 a
895 1596 993 1666 Gallo,
1007 1596 1101 1656 amico

48 1682 72 1737 iu
86 1684 206 1743 militiam
226 1696 323 1743 eunte.
340 1689 447 1745 Utrum
460 1706 531 1743 vero
547 1689 606 1745 hnc
624 1688 716 1745 Satira
733 1688 866 1745 Juvenali
881 1688 919 1745 sit
931 1688 1099 1763 tribuenda,

47 1773 93 1845 jan
100 1777 164 1833 olim
175 1778 271 1847 inere,
280 1778 331 1854 qui
340 1778 552 1835 addubitarem.
563 1779 745 1851 scholiastes,
755 1801 772 1837 a
782 1782 879 1837 Barth.
889 1780 1010 1838 Advers.
1018 1782 1101 1855 xlv,

54 1866 97 1935 16,
116 1856 258 1945 laudatus,
273 1871 333 1927 hae
345 1870 492 1929 adnotavit
511 1892 518 1927 :
532 1869 656 1941 Quidam
670 1870 786 1941 dicunt,
799 1890 859 1930 non
873 1889 933 1929 esse
946 1872 1103 1945 Iuvenalis,

50 1957 91 2012 sed
99 1958 132 2015 ab
145 1960 203 2033 ejus
213 1962 309 2019 amico
321 1962 490 2038 appositam.
503 1964 592 2019 Vetus
606 1963 704 2020 Schol.
719 1962 823 2020 Pithoei
836 1985 843 2021 ε
855 1964 914 2020 lsta
929 1981 946 2019 a
959 1963 1105 2039 plerisque

51 2050 207 2123 exploditur,
224 2065 254 2111 et
271 2054 379 2111 dicitur
394 2073 455 2111 non
475 2072 535 2112 esse
556 2054 712 2113 Iuvenalis.
728 2055 781 2112 liis
801 2055 1012 2131 adstipulantur
1026 2059 1106 2114 Gro-

52 2137 97 2195 tius
111 2143 144 2199 ad
159 2147 224 2203 Luc.
240 2146 300 2216 111,
320 2154 370 2217 ¹43
387 2148 520 2223 liutgeri.
535 2149 603 2203 Var.
619 2148 696 2204 lect.
712 2148 764 2217 IV,
779 2156 811 2218 l,
832 2166 898 2224 pag.
913 2146 990 2220 33⁸3
1003 2149 1106 2224 Angel.

53 2232 186 2294 Decembr.
200 2238 288 2297 Polit.
300 2240 376 2296 liter.
387 2258 416 2314 p.
428 2238 468 2316 59
478 2258 538 2315 seq.
552 2240 647 2299 Barth.
659 2240 717 2297 loc.
729 2239 777 2296 cit
785 2280 795 2314 ,
803 2240 970 2310 Plathner.,
985 2238 1106 2297 Bahrdt.

53 2332 75 2379 et
89 2326 147 2397 atii;
167 2332 217 2387 sed
233 2332 421 2408 refragantur
439 2336 600 2407 Bempstcr.
624 2332 661 2388 ad
677 2332 798 2408 Coripp.
813 2348 879 2409 pag.
898 2332 971 2405 1373
987 2330 1106 2409 scalig,

54 2418 249 2481 Schuralleisch.
273 2425 378 2500 aliique
399 2425 491 2482 multi.
511 2424 612 2501 Neque
626 2425 688 2482 hac
707 2423 742 2483 lis
761 2422 844 2479 facile
865 2422 1026 2479 dirimenda
1049 2432 1107 2495 est,

55 2528 127 2582 quum
146 2516 175 2573 in
194 2528 350 2592 utramque
373 2530 483 2593 partem
505 2518 635 2593 praedam
658 2535 749 2591 eaque
769 2514 836 2571 satis
853 2513 952 2591 gravia
967 2514 1110 2591 disputari

55 2604 153 2673 possint.
174 2612 209 2667 In
224 2608 430 2685 antiquissimis
447 2609 528 2667 libris
544 2599 618 2665 hanc
635 2606 759 2665 Satirarn
775 2624 835 2661 non
852 2614 965 2663 exstare
987 2615 1108 2663 testatur

56 2694 143 2755 Valla:
160 2702 318 2777 penultima
333 2713 374 2759 est
389 2700 418 2757 in
436 2702 529 2759 Codd.
546 2700 652 2757 nostris
669 2717 705 2755 ra
726 2710 754 2753 et
773 2698 824 2765 15,
842 2716 896 2754 nee
915 2717 974 2755 non
995 2698 1027 2755 in
1046 2698 1110 2755 aliis

58 2784 206 2862 Calderini,
232 2796 314 2871 quod
338 2795 442 2869 probat
465 2794 563 2851 Schol.
588 2794 684 2849 Barth.
712 2789 815 2849 Primis
838 2808 956 2866 quoque
979 2790 1110 2849 versibus

58 2874 169 2956 ingrata,
185 2907 220 2945 ne
234 2888 327 2944 dicam
342 2886 466 2953 insulsa,
482 2886 555 2943 inest
570 2884 741 2961 tautologia,
753 2902 812 2958 qua
826 2881 927 2939 eadem
940 2882 1024 2939 notio
1034 2902 1112 2958 qna·

59 2978 95 3027 ter
106 2978 289 3049 exprimitur:
308 2978 421 3034 «felicis
436 2976 559 3046 militia,
578 2996 717 3052 prospera
732 2987 838 3043 castra,
856 2974 985 3032 secundo
999 2975 1109 3046 sidere,

60 3060 101 3119 lati
119 3068 242 3147 benigni.
256 3097 269 3123 a
298 3074 361 3129 lloc
382 3082 478 3127 tamen
500 3070 601 3127 Satira
622 3068 797 3144 principium
819 3066 843 3123 si
863 3068 1027 3143 exceperis,
1049 3087 1112 3124 non

61 3155 129 3227 plane
145 3162 292 3222 dedeceret
314 3164 498 3231 Iuvenalem,
517 3182 578 3220 earn
598 3162 764 3236 scripsisse:
780 3180 844 3215 nam
867 3170 895 3216 et
917 3179 932 3214 a
953 3162 1029 3236 stylo
1050 3158 1111 3231 ejus

63 3246 243 3329 rhetoricoque
268 3274 366 3313 rernm
394 3256 564 3310 tractatione
588 3254 665 3310 haud
689 3254 850 3320 abhorret,
883 3261 912 3307 et
935 3248 1112 3325 politissimis

62 3338 139 3409 placet
156 3346 270 3405 lucetiis.
292 3348 441 3403 Nonnulla
457 3345 541 3401 etiam
562 3344 623 3418 ejus
644 3345 706 3401 lora
727 3355 872 3405 tamqnam
892 3339 1039 3397 Iuvenalis
1052 3340 1113 3396 lau·

64 3428 154 3491 dantur
166 3448 225 3494 tum
245 3460 261 3497 a
283 3439 386 3495 Servio
402 3439 432 3494 in
453 3437 535 3512 Virg.
559 3437 672 3492 AEneid.
688 3438 718 3503 1,
735 3446 763 3491 et
780 3438 826 3503 Il,
849 3446 943 3489 torna
967 3430 1113 3489 Prisciauo

64 3516 105 3575 lib.
113 3526 191 3598 vtlt,
205 3548 230 3586 c.
242 3552 262 3606 q
275 3542 304 3587 et
317 3540 360 3599 rt.
376 3533 447 3601 Qnae
461 3548 550 3604 quum
563 3527 601 3584 ita
613 3528 684 3594 sint,
700 3528 789 3583 Satira
800 3529 860 3581 hacc
871 3528 916 3581 vel
931 3526 967 3580 ab
981 3524 1045 3597 ipso
1059 3526 1114 3581 Ju-

65 3615 165 3687 renale‚
180 3620 275 3677 forsan
289 3622 447 3677 admodum
466 3638 549 3687 sene,
565 3629 614 3673 aut
630 3636 690 3674 non
711 3617 778 3673 satis
794 3616 908 3681 limate,
925 3615 970 3670 rel
987 3614 1025 3670 ab
1041 3613 1116 3669 anti-

66 3704 152 3773 quiore
165 3712 260 3769 saltem
276 3712 433 3787 scriptore,
447 3712 497 3786 qui
515 3710 590 3767 haud
603 3710 692 3765 incita
710 3709 840 3764 Minerva
855 3707 981 3763 animum
997 3706 1034 3762 ad
1048 3705 1117 3763 sati-

67 3792 139 3852 ricum
154 3804 247 3875 poesin
261 3806 448 3881 applicuerit,
460 3802 616 3875 composita
630 3802 747 3856 ridetur
768 3796 985 3857 Schurntleisch.
998 3808 1115 3867 monet,

68 3885 149 3946 stilum
163 3898 269 3956 variare
283 3898 441 3957 secundum
452 3906 577 3961 atatem,
588 3908 616 3950 et
630 3894 799 3950 luvenalem
808 3892 905 3948 forsan
919 3892 1004 3948 valde
1016 3910 1116 3949 senem
1238 3937 1242 3942 ,

69 3981 194 4055 scripsisse
209 3992 281 4050 hanc
300 3991 438 4059 Satiram,
459 4006 549 4063 quum
564 3985 594 4042 in
609 3988 768 4061 AEgyptnm
788 4006 804 4039 a
829 3985 993 4042 [lotnitiano
1009 3983 1116 4061 (immo

71 4067 217 4161 Hadriana)
240 4087 380 4164 relegatus
396 4094 477 4142 esset.
492 4080 662 4139 Plathnerus
677 4090 779 4137 contra
799 4078 1012 4157 suspicabatur,
1030 4094 1092 4133 eam
1104 4094 1123 4130 a

936 4187 989 4254 ²7·
