2784 4917
291 422 483 490 sn'rutt
505 422 822 492 DUODECIMA.
1025 424 1088 492 nob

71 533 129 603 Sed
140 549 323 630 postquam
334 537 443 631 jacuit
456 537 596 632 planum
615 563 724 628 mare;
744 555 901 636 tempora
913 553 1090 637 postquam

36 643 178 737 Prospera
193 642 360 730 vectoris,
377 644 553 740 fatumque
569 645 730 718 valentius
745 652 839 720 Euro

34 755 67 818 Et
78 752 208 848 pelago;
228 769 408 849 postquam
425 756 539 838 Parcae
555 756 692 829 meliora
709 759 855 854 benigna

35 861 120 930 Pensa
135 888 242 933 manu
262 863 394 934 ducunt
408 862 548 951 hilaros,
564 882 599 937 et
614 869 765 938 staminis
784 867 850 938 albi
1027 899 1030 904 ¹
1058 879 1091 935 65

34 971 188 1058 lanificae,
205 974 344 1044 modica
358 999 421 1044 nec
436 975 580 1046 multum
594 975 718 1046 fortior
735 1003 816 1048 aura

36 1079 142 1151 lentus
154 1083 269 1172 adest3
290 1085 384 1179 inopi
400 1085 595 1156 miserabilis
609 1103 681 1158 arte
695 1089 848 1160 cucurrit

36 1189 167 1262 l'estibus
184 1195 350 1282 extentis,
365 1209 417 1283 et,
436 1195 528 1290 quod
547 1211 763 1292 superaverat
779 1223 903 1287 unum,

37 1299 102 1368 llelo
113 1328 212 1396 prora
226 1330 293 1374 suo
307 1330 315 1375 :
328 1304 399 1396 jam
416 1304 650 1377 deficientibus
665 1309 812 1396 Austris,

38 1409 103 1502 Spes
114 1413 185 1483 vitae
206 1439 290 1484 cum
307 1414 377 1484 sole
397 1414 507 1484 redit:
524 1431 598 1486 tum
619 1432 733 1512 gratus
749 1415 840 1504 Iulo,
1026 1435 1029 1442 ’
1055 1451 1090 1505 70

40 1523 127 1612 Atque
138 1523 311 1594 novercali
325 1522 418 1594 sedes
430 1524 567 1620 praelata
580 1528 730 1613 Lavino,

39 1629 233 1726 Conspicitur
247 1634 397 1706 sublimis
411 1659 512 1730 apex,
530 1638 586 1704 cui
597 1634 741 1706 condida
755 1658 879 1704 nomen

44 1741 137 1810 Scrola
148 1744 260 1828 dedit,
273 1743 357 1814 laetis
370 1746 561 1840 Phrygibus
575 1745 727 1816 mirabile
741 1769 874 1831 sumen,

46 1849 248 1948 Etnunquam
261 1855 343 1925 visis
358 1855 498 1948 triginta
513 1855 603 1926 clara
618 1855 784 1926 mamillis.

45 1959 165 2032 Tandem
179 1966 288 2034 intrat
303 1965 428 2060 positas
443 1963 572 2034 inclusa
587 1992 647 2061 per
663 1990 800 2061 aequora
815 1963 938 2054 moles,
1058 2005 1091 2062 75

43 2069 296 2168 Tyrrhenamque
307 2075 462 2160 Pharon,
475 2091 697 2170 porrectaque
709 2074 847 2144 brachia
860 2099 1011 2168 rursum,

45 2177 111 2263 ern
123 2181 237 2278 pelago
252 2197 438 2253 occurrunt
451 2184 577 2267 medio,
594 2183 762 2279 longeque
776 2183 973 2280 relinquunt

46 2285 160 2360 ltaliam.
173 2295 257 2362 Non
270 2295 319 2362 sic
332 2295 437 2387 igitur
447 2291 612 2363 mirabere
623 2308 756 2386 portus,

78 2494 115 2552 60.
132 2501 285 2575 Postquam
297 2520 407 2578 aequor,
418 2501 515 2560 stratis
525 2499 637 2577 placide
650 2497 799 2572 fluetibus,
813 2501 996 2576 conquievit3
1009 2513 1092 2578 post-

48 2609 213 2662 turtoterena
224 2595 285 2652 caeli
297 2595 381 2652 lucies
393 2596 512 2671 illisqui
523 2595 705 2653 vehebantur
718 2595 786 2651 navi
796 2594 907 2665 arrisit,
920 2606 950 2652 et
957 2597 1044 2654 maris
1060 2616 1093 2656 ac

48 2697 176 2745 tentorum
184 2689 397 2746 inclementiam
408 2687 552 2744 risamica
561 2685 782 2762 latisnperavit,
792 2686 888 2743 Parcis
900 2687 1052 2746 candidum
1064 2701 1096 2747 ct

47 2777 170 2836 meliorem
180 2782 275 2837 lanam
287 2799 304 2838 e
315 2783 381 2837 colu
393 2779 584 2846 trahentibus,
596 2787 666 2832 tunc
676 2786 781 2846 ventus
791 2777 823 2833 in
830 2778 922 2836 levem
933 2781 1093 2856 zephyrum

49 2867 188 2932 decrescens
197 2875 326 2949 aspirare
342 2873 443 2949 coepit,
459 2891 492 2930 ac
503 2871 658 2947 pristinum
670 2888 786 2928 cursum
800 2869 910 2948 navigii
924 2871 1093 2932 miserabilis

48 2978 114 3032 prore
133 2969 238 3036 tenuit,
259 2985 359 3023 manea
381 2977 444 3023 arte
467 2965 613 3035 adhibita,
633 2963 772 3020 nimirum
794 2965 918 3022 extensis
940 2979 1092 3025 nautarum

49 3057 164 3128 ruribus,
176 3060 243 3118 loco
254 3061 387 3116 velorum
400 3067 575 3134 tempestate
580 3055 768 3126 amissorum,
783 3067 888 3132 prater
903 3077 1002 3114 unum*
1011 3060 1092 3134 quod

49 3141 123 3206 inbre
135 3153 232 3210 eedem
248 3170 337 3227 prora
353 3163 511 3228 supererat.
531 3153 655 3208 Densum
670 3150 779 3206 Austro
790 3149 972 3224 quiescente,
986 3151 1093 3210 discus-

49 3237 122 3314 sisque
135 3245 274 3316 nubibus,
293 3247 335 3302 sol
350 3245 444 3302 videri
457 3254 567 3318 coeptus
581 3254 637 3315 est,
651 3261 685 3300 ac
701 3261 781 3317 spes,
801 3242 886 3300 simul
904 3262 939 3300 eo
950 3244 1027 3315 riso,
1047 3263 1093 3301 sa-

47 3329 99 3388 hn’u
109 3349 244 3396 revocata.
257 3339 317 3394 Nee
326 3336 366 3393 ita
374 3338 468 3394 multo
479 3347 546 3412 post
553 3335 688 3413 apparuit
696 3335 825 3394 Albanus
838 3355 937 3408 mons,
947 3355 1033 3410 quem
1043 3339 1093 3394 lu-

48 3420 80 3478 lus
89 3425 192 3498 dilexit,
207 3441 237 3487 et
248 3447 335 3504 quem
348 3427 480 3500 lavinio,
495 3446 628 3486 novercae
641 3447 699 3484 suae
714 3428 835 3504 oppido,
847 3428 990 3502 praetulit,
1004 3439 1038 3483 ut
1050 3428 1093 3484 ibi

48 3516 133 3575 Albam
143 3523 295 3593 conderet,
314 3521 354 3578 ita
368 3520 475 3578 dictam
489 3521 526 3577 ab
542 3520 605 3577 albu
617 3537 720 3595 porea,
736 3538 823 3594 quam
836 3519 956 3592 Trojuni
970 3518 1093 3576 maximo

48 3623 98 3664 cun
108 3615 250 3690 voluptate
260 3616 435 3673 invenerunt
447 3613 565 3690 triginta
575 3613 720 3688 porcellos
734 3611 865 3670 inaudito
876 3612 1013 3668 hactenus
1024 3628 1093 3686 por-

48 3705 112 3758 tento
121 3706 239 3764 enixam
258 3709 383 3764 Domum
401 3706 507 3763 Catulli
516 3704 598 3762 navis
611 3715 730 3780 portum
747 3702 907 3760 Ostiensem
921 3701 1011 3773 subit,
1026 3721 1093 3762 mu-

48 3790 124 3851 nitum
141 3801 262 3858 molibus
281 3810 346 3856 ante
364 3817 472 3875 paucos
489 3816 581 3856 annos
597 3795 761 3854 instauratis
779 3813 812 3850 ac
831 3794 957 3866 relectis,
980 3815 1043 3869 qua·
1060 3795 1092 3854 in

49 3899 131 3956 equor
142 3891 225 3967 longe
237 3901 455 3967 procurrentes,
468 3901 605 3964 tanquam
612 3886 746 3956 brachia,
757 3884 829 3943 illud
839 3887 1052 3962 amplectuntur
1063 3901 1094 3948 et

48 3971 192 4054 includunt,
207 3995 236 4041 et
245 3986 333 4061 longe
343 3994 410 4060 post
423 4001 453 4039 se
464 3982 541 4057 ripas
552 3980 641 4036 ltalia
651 3979 828 4054 relinquunt.
844 3981 910 4036 Huc
923 3979 1008 4038 maris
1019 3981 1093 4057 Tyr-

50 4067 117 4127 tbeni
132 4075 234 4135 Pharus
251 4088 307 4148 est,
326 4096 359 4134 uc
375 4086 478 4152 portus
497 4073 539 4131 eis
556 4091 630 4149 quos
647 4081 751 4128 natura
769 4071 849 4143 lecit,
868 4073 1049 4149 prestantior
1062 4082 1093 4128 et

49 4162 368 4230 ¹¹11'1tbilior.llnrsrchus
378 4181 471 4230 ratem
480 4169 611 4229 mutilam
620 4167 757 4247 provehit
767 4167 797 4226 in
810 4167 978 4228 interiorem
990 4175 1092 4242 portus
