<?xml version="1.0" encoding="UTF-8"?>
<!DOCTYPE html PUBLIC "-//W3C//DTD XHTML 1.0 Transitional//EN"
    "http://www.w3.org/TR/xhtml1/DTD/xhtml1-transitional.dtd">
<html xmlns="http://www.w3.org/1999/xhtml" xml:lang="en" lang="en">
 <head>
  <title>
</title>
<meta http-equiv="Content-Type" content="text/html;charset=utf-8" />
  <meta name='ocr-system' content='tesseract 3.04.00' />
  <meta name='ocr-capabilities' content='ocr_page ocr_carea ocr_par ocr_line ocrx_word'/>
</head>
<body>
  <div class='ocr_page' id='page_1' title='image "bibliothecaclas115lemagoog_0291.png"; bbox 0 0 2784 4917; ppageno 0'>
   <div class='ocr_carea' id='block_1_1' title="bbox 257 367 1106 452">
    <p class='ocr_par' dir='ltr' id='par_1_1' title="bbox 257 367 1106 452">
     <span class='ocr_line' id='line_1_1' title="bbox 257 367 1106 452; baseline 0.004 -17"><span class='ocrx_word' id='word_1_1' title='bbox 257 369 434 437; x_wconf 74' lang='lat' dir='ltr'><strong>sauma</strong></span> <span class='ocrx_word' id='word_1_2' title='bbox 456 367 646 434; x_wconf 77' lang='lat' dir='ltr'><strong>DECIMA</strong></span> <span class='ocrx_word' id='word_1_3' title='bbox 668 369 882 452; x_wconf 75' lang='lat' dir='ltr'><strong>Quau&#39;ra.</strong></span> <span class='ocrx_word' id='word_1_4' title='bbox 1043 371 1106 438; x_wconf 83' lang='lat'><strong>303</strong></span> 
     </span>
    </p>
   </div>
   <div class='ocr_carea' id='block_1_2' title="bbox 21 485 1210 2332">
    <p class='ocr_par' dir='ltr' id='par_1_2' title="bbox 21 485 1210 1019">
     <span class='ocr_line' id='line_1_2' title="bbox 21 485 947 577; baseline -0.002 -21"><span class='ocrx_word' id='word_1_5' title='bbox 21 489 142 577; x_wconf 78' lang='lat' dir='ltr'><strong>Quum</strong></span> <span class='ocrx_word' id='word_1_6' title='bbox 162 489 317 557; x_wconf 86' lang='lat' dir='ltr'><strong>subeunt</strong></span> <span class='ocrx_word' id='word_1_7' title='bbox 333 487 463 554; x_wconf 87' lang='lat' dir='ltr'><strong>animos</strong></span> <span class='ocrx_word' id='word_1_8' title='bbox 479 485 683 554; x_wconf 84' lang='lat' dir='ltr'><strong>auctoribus.</strong></span> <span class='ocrx_word' id='word_1_9' title='bbox 704 485 802 554; x_wconf 90' lang='lat' dir='ltr'><strong>Unus</strong></span> <span class='ocrx_word' id='word_1_10' title='bbox 816 501 850 555; x_wconf 91' lang='lat' dir='ltr'><strong>et</strong></span> <span class='ocrx_word' id='word_1_11' title='bbox 863 485 947 556; x_wconf 88' lang='lat' dir='ltr'><strong>alter</strong></span> 
     </span>
     <span class='ocr_line' id='line_1_3' title="bbox 21 595 1022 692; baseline 0 -28"><span class='ocrx_word' id='word_1_12' title='bbox 21 602 187 667; x_wconf 80' lang='lat' dir='ltr'>Forsitan</span> <span class='ocrx_word' id='word_1_13' title='bbox 199 598 276 667; x_wconf 81' lang='lat' dir='ltr'><strong>baec</strong></span> <span class='ocrx_word' id='word_1_14' title='bbox 288 609 449 692; x_wconf 79' lang='lat' dir='ltr'><strong>spernant</strong></span> <span class='ocrx_word' id='word_1_15' title='bbox 461 596 621 688; x_wconf 81' lang='lat' dir='ltr'><strong>juvenes,</strong></span> <span class='ocrx_word' id='word_1_16' title='bbox 637 595 761 688; x_wconf 84' lang='lat' dir='ltr'><strong>quibus</strong></span> <span class='ocrx_word' id='word_1_17' title='bbox 772 611 845 666; x_wconf 81' lang='lat' dir='ltr'><strong>erte</strong></span> <span class='ocrx_word' id='word_1_18' title='bbox 861 597 1022 691; x_wconf 79' lang='lat' dir='ltr'><strong>benigna,</strong></span> 
     </span>
     <span class='ocr_line' id='line_1_4' title="bbox 21 698 1210 799; baseline -0.001 -24"><span class='ocrx_word' id='word_1_19' title='bbox 21 711 63 775; x_wconf 88' lang='lat' dir='ltr'><strong>Et</strong></span> <span class='ocrx_word' id='word_1_20' title='bbox 79 707 233 776; x_wconf 88' lang='lat' dir='ltr'><strong>meliore</strong></span> <span class='ocrx_word' id='word_1_21' title='bbox 248 706 321 775; x_wconf 93' lang='lat' dir='ltr'><strong>luto</strong></span> <span class='ocrx_word' id='word_1_22' title='bbox 339 705 437 774; x_wconf 84' lang='lat' dir='ltr'><strong>fiuxit</strong></span> <span class='ocrx_word' id='word_1_23' title='bbox 454 698 640 799; x_wconf 74' lang='lat' dir='ltr'><strong>precordia</strong></span> <span class='ocrx_word' id='word_1_24' title='bbox 652 705 753 774; x_wconf 82' lang='lat' dir='ltr'><strong>Titan</strong></span> <span class='ocrx_word' id='word_1_25' title='bbox 770 721 793 774; x_wconf 76' lang='grc' dir='ltr'><strong>ε’</strong></span> <span class='ocrx_word' id='word_1_26' title='bbox 857 757 858 762; x_wconf 36' lang='lat'>1</span> <span class='ocrx_word' id='word_1_27' title='bbox 1075 721 1108 775; x_wconf 86' lang='lat'><strong>35</strong></span> <span class='ocrx_word' id='word_1_28' title='bbox 1206 724 1210 732; x_wconf 86' lang='lat'>&#39;</span> 
     </span>
     <span class='ocr_line' id='line_1_5' title="bbox 21 811 913 911; baseline -0.003 -24"><span class='ocrx_word' id='word_1_29' title='bbox 21 817 85 887; x_wconf 81' lang='lat' dir='ltr'><strong>Sed</strong></span> <span class='ocrx_word' id='word_1_30' title='bbox 106 816 264 911; x_wconf 87' lang='lat' dir='ltr'><strong>reliquos</strong></span> <span class='ocrx_word' id='word_1_31' title='bbox 282 811 444 910; x_wconf 84' lang='lat' dir='ltr'><strong>fugienda</strong></span> <span class='ocrx_word' id='word_1_32' title='bbox 460 817 595 908; x_wconf 86' lang='lat' dir='ltr'><strong>patrum</strong></span> <span class='ocrx_word' id='word_1_33' title='bbox 610 814 750 910; x_wconf 76' lang='lat' dir='ltr'><strong>vestigia</strong></span> <span class='ocrx_word' id='word_1_34' title='bbox 767 813 913 900; x_wconf 84' lang='lat' dir='ltr'><strong>ducunt,</strong></span> 
     </span>
     <span class='ocr_line' id='line_1_6' title="bbox 21 921 873 1019; baseline -0.001 -25"><span class='ocrx_word' id='word_1_35' title='bbox 21 929 64 994; x_wconf 87' lang='lat' dir='ltr'><strong>Et</strong></span> <span class='ocrx_word' id='word_1_36' title='bbox 82 939 286 996; x_wconf 88' lang='lat' dir='ltr'><strong>monstrata</strong></span> <span class='ocrx_word' id='word_1_37' title='bbox 301 925 360 994; x_wconf 90' lang='lat' dir='ltr'><strong>diu</strong></span> <span class='ocrx_word' id='word_1_38' title='bbox 374 925 496 994; x_wconf 84' lang='lat' dir='ltr'><strong>veteris</strong></span> <span class='ocrx_word' id='word_1_39' title='bbox 511 925 618 994; x_wconf 89' lang='lat' dir='ltr'><strong>trahit</strong></span> <span class='ocrx_word' id='word_1_40' title='bbox 632 924 741 994; x_wconf 89' lang='lat' dir='ltr'><strong>orbita</strong></span> <span class='ocrx_word' id='word_1_41' title='bbox 757 921 873 1019; x_wconf 72' lang='lat' dir='ltr'><strong>culpae.</strong></span> 
     </span>
    </p>

    <p class='ocr_par' dir='ltr' id='par_1_3' title="bbox 24 1032 1109 2332">
     <span class='ocr_line' id='line_1_7' title="bbox 70 1032 907 1129; baseline -0.002 -25"><span class='ocrx_word' id='word_1_42' title='bbox 70 1036 260 1105; x_wconf 74' lang='lat' dir='ltr'><strong>Abstineas</strong></span> <span class='ocrx_word' id='word_1_43' title='bbox 275 1033 380 1129; x_wconf 84' lang='lat' dir='ltr'><strong>igitur</strong></span> <span class='ocrx_word' id='word_1_44' title='bbox 389 1032 589 1103; x_wconf 87' lang='lat' dir='ltr'><strong>damnandis</strong></span> <span class='ocrx_word' id='word_1_45' title='bbox 605 1059 614 1102; x_wconf 75' lang='grc' dir='ltr'><strong>ε</strong></span> <span class='ocrx_word' id='word_1_46' title='bbox 632 1034 734 1128; x_wconf 89' lang='lat' dir='ltr'><strong>hujus</strong></span> <span class='ocrx_word' id='word_1_47' title='bbox 749 1033 839 1103; x_wconf 90' lang='lat' dir='ltr'><strong>enim</strong></span> <span class='ocrx_word' id='word_1_48' title='bbox 852 1032 907 1102; x_wconf 82' lang='lat' dir='ltr'><strong>vel</strong></span> 
     </span>
     <span class='ocr_line' id='line_1_8' title="bbox 26 1145 989 1240; baseline -0.002 -28"><span class='ocrx_word' id='word_1_49' title='bbox 26 1145 110 1214; x_wconf 89' lang='lat' dir='ltr'><strong>Una</strong></span> <span class='ocrx_word' id='word_1_50' title='bbox 129 1159 256 1240; x_wconf 89' lang='lat' dir='ltr'><strong>potens</strong></span> <span class='ocrx_word' id='word_1_51' title='bbox 274 1146 360 1214; x_wconf 90' lang='lat' dir='ltr'><strong>ratio</strong></span> <span class='ocrx_word' id='word_1_52' title='bbox 378 1159 445 1230; x_wconf 84' lang='lat' dir='ltr'><strong>est,</strong></span> <span class='ocrx_word' id='word_1_53' title='bbox 463 1169 507 1214; x_wconf 84' lang='lat' dir='ltr'><strong>ue</strong></span> <span class='ocrx_word' id='word_1_54' title='bbox 521 1145 664 1213; x_wconf 82' lang='lat' dir='ltr'><strong>erimina</strong></span> <span class='ocrx_word' id='word_1_55' title='bbox 677 1157 794 1212; x_wconf 86' lang='lat' dir='ltr'><strong>nostra</strong></span> <span class='ocrx_word' id='word_1_56' title='bbox 806 1155 989 1239; x_wconf 82' lang='lat' dir='ltr'><strong>sequantur</strong></span> 
     </span>
     <span class='ocr_line' id='line_1_9' title="bbox 24 1253 1109 1350; baseline -0.006 -27"><span class='ocrx_word' id='word_1_57' title='bbox 24 1257 77 1324; x_wconf 83' lang='lat' dir='ltr'><strong>Ex</strong></span> <span class='ocrx_word' id='word_1_58' title='bbox 89 1257 196 1325; x_wconf 90' lang='lat' dir='ltr'><strong>nobis</strong></span> <span class='ocrx_word' id='word_1_59' title='bbox 209 1255 335 1350; x_wconf 81' lang='lat' dir='ltr'><strong>geniti3</strong></span> <span class='ocrx_word' id='word_1_60' title='bbox 354 1257 515 1350; x_wconf 87' lang='lat' dir='ltr'><strong>quoniam</strong></span> <span class='ocrx_word' id='word_1_61' title='bbox 532 1253 656 1324; x_wconf 84' lang='lat' dir='ltr'><strong>dociles</strong></span> <span class='ocrx_word' id='word_1_62' title='bbox 673 1254 845 1323; x_wconf 85' lang='lat' dir='ltr'><strong>imitandis</strong></span> <span class='ocrx_word' id='word_1_63' title='bbox 1073 1277 1109 1330; x_wconf 73' lang='lat'><strong>40</strong></span> 
     </span>
     <span class='ocr_line' id='line_1_10' title="bbox 25 1349 1102 1462; baseline -0.001 -30"><span class='ocrx_word' id='word_1_64' title='bbox 25 1367 204 1462; x_wconf 87' lang='lat' dir='ltr'><strong>Turpibus</strong></span> <span class='ocrx_word' id='word_1_65' title='bbox 220 1391 261 1435; x_wconf 86' lang='lat' dir='ltr'><strong>ae</strong></span> <span class='ocrx_word' id='word_1_66' title='bbox 276 1368 388 1460; x_wconf 84' lang='lat' dir='ltr'><strong>pravis</strong></span> <span class='ocrx_word' id='word_1_67' title='bbox 405 1391 521 1436; x_wconf 82' lang='lat' dir='ltr'><strong>omnes</strong></span> <span class='ocrx_word' id='word_1_68' title='bbox 538 1388 674 1454; x_wconf 80' lang='lat' dir='ltr'><strong>sumus3</strong></span> <span class='ocrx_word' id='word_1_69' title='bbox 695 1379 730 1434; x_wconf 88' lang='lat' dir='ltr'><strong>et</strong></span> <span class='ocrx_word' id='word_1_70' title='bbox 745 1362 923 1435; x_wconf 86' lang='lat' dir='ltr'><strong>Catilinam</strong></span> <span class='ocrx_word' id='word_1_71' title='bbox 1098 1349 1102 1372; x_wconf 67' lang='lat'>⁸</span> 
     </span>
     <span class='ocr_line' id='line_1_11' title="bbox 29 1474 1010 1570; baseline -0.002 -28"><span class='ocrx_word' id='word_1_72' title='bbox 29 1474 259 1569; x_wconf 88' lang='lat' dir='ltr'><strong>Quocumque</strong></span> <span class='ocrx_word' id='word_1_73' title='bbox 274 1477 310 1544; x_wconf 93' lang='lat' dir='ltr'><strong>in</strong></span> <span class='ocrx_word' id='word_1_74' title='bbox 329 1475 456 1570; x_wconf 88' lang='lat' dir='ltr'><strong>populo</strong></span> <span class='ocrx_word' id='word_1_75' title='bbox 471 1474 603 1561; x_wconf 81' lang='lat' dir='ltr'><strong>videas,</strong></span> <span class='ocrx_word' id='word_1_76' title='bbox 621 1495 837 1569; x_wconf 86' lang='lat' dir='ltr'><strong>quocumque</strong></span> <span class='ocrx_word' id='word_1_77' title='bbox 855 1474 918 1542; x_wconf 87' lang='lat' dir='ltr'><strong>sub</strong></span> <span class='ocrx_word' id='word_1_78' title='bbox 933 1495 1010 1559; x_wconf 81' lang='lat' dir='ltr'><strong>axe3</strong></span> 
     </span>
     <span class='ocr_line' id='line_1_12' title="bbox 29 1581 972 1677; baseline -0.002 -25"><span class='ocrx_word' id='word_1_79' title='bbox 29 1584 98 1652; x_wconf 87' lang='lat' dir='ltr'><strong>Sed</strong></span> <span class='ocrx_word' id='word_1_80' title='bbox 112 1609 181 1654; x_wconf 90' lang='lat' dir='ltr'><strong>nec</strong></span> <span class='ocrx_word' id='word_1_81' title='bbox 196 1587 319 1654; x_wconf 86' lang='lat' dir='ltr'><strong>Brutus</strong></span> <span class='ocrx_word' id='word_1_82' title='bbox 335 1586 418 1672; x_wconf 86' lang='lat' dir='ltr'><strong>erit,</strong></span> <span class='ocrx_word' id='word_1_83' title='bbox 435 1585 532 1653; x_wconf 84' lang='lat' dir='ltr'><strong>Bruti</strong></span> <span class='ocrx_word' id='word_1_84' title='bbox 545 1607 608 1653; x_wconf 89' lang='lat' dir='ltr'><strong>nee</strong></span> <span class='ocrx_word' id='word_1_85' title='bbox 621 1581 808 1654; x_wconf 84' lang='lat' dir='ltr'><strong>avunculus</strong></span> <span class='ocrx_word' id='word_1_86' title='bbox 819 1605 972 1677; x_wconf 84' lang='lat' dir='ltr'><strong>usquam.</strong></span> 
     </span>
     <span class='ocr_line' id='line_1_13' title="bbox 32 1693 855 1790; baseline 0 -28"><span class='ocrx_word' id='word_1_87' title='bbox 32 1693 90 1762; x_wconf 83' lang='lat' dir='ltr'><strong>Nil</strong></span> <span class='ocrx_word' id='word_1_88' title='bbox 103 1694 199 1765; x_wconf 87' lang='lat' dir='ltr'><strong>dictu</strong></span> <span class='ocrx_word' id='word_1_89' title='bbox 211 1694 339 1764; x_wconf 84' lang='lat' dir='ltr'><strong>soedum</strong></span> <span class='ocrx_word' id='word_1_90' title='bbox 351 1697 493 1790; x_wconf 84' lang='lat' dir='ltr'><strong>visuque</strong></span> <span class='ocrx_word' id='word_1_91' title='bbox 505 1696 580 1766; x_wconf 78' lang='lat' dir='ltr'><strong>haee</strong></span> <span class='ocrx_word' id='word_1_92' title='bbox 593 1693 710 1763; x_wconf 86' lang='lat' dir='ltr'><strong>limina</strong></span> <span class='ocrx_word' id='word_1_93' title='bbox 723 1707 855 1790; x_wconf 81' lang='lat' dir='ltr'><strong>tangat,</strong></span> 
     </span>
     <span class='ocr_line' id='line_1_14' title="bbox 32 1801 1107 1900; baseline 0.003 -31"><span class='ocrx_word' id='word_1_94' title='bbox 32 1805 129 1872; x_wconf 89' lang='lat' dir='ltr'><strong>Intra</strong></span> <span class='ocrx_word' id='word_1_95' title='bbox 139 1830 214 1898; x_wconf 82' lang='lat' dir='ltr'><strong>quae</strong></span> <span class='ocrx_word' id='word_1_96' title='bbox 227 1829 312 1900; x_wconf 89' lang='lat' dir='ltr'><strong>puer</strong></span> <span class='ocrx_word' id='word_1_97' title='bbox 323 1820 383 1876; x_wconf 76' lang='lat' dir='ltr'><strong>eet.</strong></span> <span class='ocrx_word' id='word_1_98' title='bbox 398 1804 520 1874; x_wconf 89' lang='lat' dir='ltr'><strong>Procul</strong></span> <span class='ocrx_word' id='word_1_99' title='bbox 533 1805 638 1892; x_wconf 89' lang='lat' dir='ltr'><strong>hinc‚&#39;</strong></span> <span class='ocrx_word' id='word_1_100' title='bbox 649 1803 769 1899; x_wconf 87' lang='lat' dir='ltr'><strong>procul</strong></span> <span class='ocrx_word' id='word_1_101' title='bbox 785 1803 863 1872; x_wconf 90' lang='lat' dir='ltr'><strong>iude</strong></span> <span class='ocrx_word' id='word_1_102' title='bbox 876 1801 995 1899; x_wconf 75' lang='lat' dir='ltr'><strong>puellae</strong></span> <span class='ocrx_word' id='word_1_103' title='bbox 1075 1821 1107 1882; x_wconf 70' lang='lat'><strong>45</strong></span> 
     </span>
     <span class='ocr_line' id='line_1_15' title="bbox 34 1913 819 2008; baseline 0.004 -30"><span class='ocrx_word' id='word_1_104' title='bbox 34 1913 231 1998; x_wconf 77' lang='lat' dir='ltr'><strong>Lemnum,</strong></span> <span class='ocrx_word' id='word_1_105' title='bbox 249 1929 285 1982; x_wconf 89' lang='lat' dir='ltr'><strong>et</strong></span> <span class='ocrx_word' id='word_1_106' title='bbox 299 1928 416 1983; x_wconf 86' lang='lat' dir='ltr'><strong>cantus</strong></span> <span class='ocrx_word' id='word_1_107' title='bbox 430 1914 661 2008; x_wconf 89' lang='lat' dir='ltr'><strong>pernoctantis</strong></span> <span class='ocrx_word' id='word_1_108' title='bbox 674 1913 819 2008; x_wconf 77' lang='lat' dir='ltr'><strong>parasiti.</strong></span> 
     </span>
     <span class='ocr_line' id='line_1_16' title="bbox 34 2021 822 2117; baseline 0.005 -31"><span class='ocrx_word' id='word_1_109' title='bbox 34 2022 181 2091; x_wconf 85' lang='lat' dir='ltr'><strong>Maxima</strong></span> <span class='ocrx_word' id='word_1_110' title='bbox 198 2021 339 2092; x_wconf 88' lang='lat' dir='ltr'><strong>debetur</strong></span> <span class='ocrx_word' id='word_1_111' title='bbox 353 2047 460 2116; x_wconf 89' lang='lat' dir='ltr'><strong>puero</strong></span> <span class='ocrx_word' id='word_1_112' title='bbox 474 2022 678 2091; x_wconf 81' lang='lat' dir='ltr'><strong>reverentie:</strong></span> <span class='ocrx_word' id='word_1_113' title='bbox 699 2023 726 2091; x_wconf 89' lang='lat' dir='ltr'><strong>si</strong></span> <span class='ocrx_word' id='word_1_114' title='bbox 740 2021 822 2117; x_wconf 92' lang='lat' dir='ltr'><strong>quid</strong></span> 
     </span>
     <span class='ocr_line' id='line_1_17' title="bbox 38 2129 990 2231; baseline 0 -35"><span class='ocrx_word' id='word_1_115' title='bbox 38 2131 149 2224; x_wconf 82' lang='lat' dir='ltr'>Turpe</span> <span class='ocrx_word' id='word_1_116' title='bbox 161 2155 274 2225; x_wconf 87' lang='lat' dir='ltr'><strong>paras,</strong></span> <span class='ocrx_word' id='word_1_117' title='bbox 291 2156 335 2200; x_wconf 86' lang='lat' dir='ltr'><strong>ne</strong></span> <span class='ocrx_word' id='word_1_118' title='bbox 348 2145 387 2200; x_wconf 90' lang='lat' dir='ltr'><strong>tu</strong></span> <span class='ocrx_word' id='word_1_119' title='bbox 399 2129 497 2224; x_wconf 87' lang='lat' dir='ltr'><strong>pueri</strong></span> <span class='ocrx_word' id='word_1_120' title='bbox 512 2131 734 2200; x_wconf 86' lang='lat' dir='ltr'><strong>contemseris</strong></span> <span class='ocrx_word' id='word_1_121' title='bbox 746 2153 872 2199; x_wconf 85' lang='lat' dir='ltr'><strong>annos:</strong></span> <span class='ocrx_word' id='word_1_122' title='bbox 984 2211 990 2231; x_wconf 26' lang='lat' dir='ltr'>x</span> 
     </span>
     <span class='ocr_line' id='line_1_18' title="bbox 41 2237 731 2332; baseline 0.004 -27"><span class='ocrx_word' id='word_1_123' title='bbox 41 2238 101 2305; x_wconf 88' lang='lat' dir='ltr'><strong>Sed</strong></span> <span class='ocrx_word' id='word_1_124' title='bbox 112 2255 295 2332; x_wconf 88' lang='lat' dir='ltr'><strong>peccaturo</strong></span> <span class='ocrx_word' id='word_1_125' title='bbox 311 2240 421 2309; x_wconf 86' lang='lat' dir='ltr'><strong>obstet</strong></span> <span class='ocrx_word' id='word_1_126' title='bbox 433 2240 494 2307; x_wconf 89' lang='lat' dir='ltr'><strong>tibi</strong></span> <span class='ocrx_word' id='word_1_127' title='bbox 507 2237 596 2306; x_wconf 82' lang='lat' dir='ltr'><strong>filius</strong></span> <span class='ocrx_word' id='word_1_128' title='bbox 609 2239 731 2308; x_wconf 86' lang='lat' dir='ltr'><strong>infans.</strong></span> 
     </span>
    </p>
   </div>
   <div class='ocr_carea' id='block_1_3' title="bbox 41 2347 1106 2445">
    <p class='ocr_par' dir='ltr' id='par_1_4' title="bbox 41 2347 1106 2445">
     <span class='ocr_line' id='line_1_19' title="bbox 41 2347 1106 2445; baseline -0.001 -27"><span class='ocrx_word' id='word_1_129' title='bbox 41 2350 125 2418; x_wconf 84' lang='lat' dir='ltr'><strong>Nam</strong></span> <span class='ocrx_word' id='word_1_130' title='bbox 138 2349 164 2419; x_wconf 92' lang='lat' dir='ltr'><strong>si</strong></span> <span class='ocrx_word' id='word_1_131' title='bbox 176 2349 259 2444; x_wconf 90' lang='lat' dir='ltr'><strong>quid</strong></span> <span class='ocrx_word' id='word_1_132' title='bbox 272 2348 413 2445; x_wconf 82' lang='lat' dir='ltr'><strong>dignum</strong></span> <span class='ocrx_word' id='word_1_133' title='bbox 427 2348 586 2419; x_wconf 84' lang='lat' dir='ltr'><strong>Censoris</strong></span> <span class='ocrx_word' id='word_1_134' title='bbox 599 2347 720 2418; x_wconf 85' lang='lat' dir='ltr'><strong>feeerit</strong></span> <span class='ocrx_word' id='word_1_135' title='bbox 734 2347 783 2416; x_wconf 88' lang='lat' dir='ltr'><strong>ira</strong></span> <span class='ocrx_word' id='word_1_136' title='bbox 1073 2365 1106 2417; x_wconf 86' lang='lat'><strong>50</strong></span> 
     </span>
    </p>
   </div>
   <div class='ocr_carea' id='block_1_4' title="bbox 42 2457 972 2557">
    <p class='ocr_par' dir='ltr' id='par_1_5' title="bbox 42 2457 972 2557">
     <span class='ocr_line' id='line_1_20' title="bbox 42 2457 972 2557; baseline -0.006 -26"><span class='ocrx_word' id='word_1_137' title='bbox 42 2459 261 2557; x_wconf 80' lang='lat' dir='ltr'><strong>Quandoque,</strong></span> <span class='ocrx_word' id='word_1_138' title='bbox 278 2475 313 2530; x_wconf 91' lang='lat' dir='ltr'><strong>et</strong></span> <span class='ocrx_word' id='word_1_139' title='bbox 325 2457 468 2547; x_wconf 84' lang='lat' dir='ltr'><strong>similem</strong></span> <span class='ocrx_word' id='word_1_140' title='bbox 479 2461 540 2529; x_wconf 91' lang='lat' dir='ltr'><strong>tibi</strong></span> <span class='ocrx_word' id='word_1_141' title='bbox 551 2485 587 2530; x_wconf 86' lang='lat' dir='ltr'><strong>se</strong></span> <span class='ocrx_word' id='word_1_142' title='bbox 599 2485 671 2529; x_wconf 91' lang='lat' dir='ltr'><strong>non</strong></span> <span class='ocrx_word' id='word_1_143' title='bbox 684 2481 829 2553; x_wconf 86' lang='lat' dir='ltr'><strong>corpore</strong></span> <span class='ocrx_word' id='word_1_144' title='bbox 842 2471 972 2526; x_wconf 90' lang='lat' dir='ltr'><strong>tantum</strong></span> 
     </span>
    </p>
   </div>
   <div class='ocr_carea' id='block_1_5' title="bbox 45 2726 1107 4196">
    <p class='ocr_par' dir='ltr' id='par_1_6' title="bbox 45 2726 1106 3174">
     <span class='ocr_line' id='line_1_21' title="bbox 45 2726 1106 2806; baseline 0.002 -20"><span class='ocrx_word' id='word_1_145' title='bbox 45 2728 115 2801; x_wconf 75' lang='lat' dir='ltr'><strong>apud</strong></span> <span class='ocrx_word' id='word_1_146' title='bbox 129 2748 184 2788; x_wconf 81' lang='lat' dir='ltr'><strong>noe</strong></span> <span class='ocrx_word' id='word_1_147' title='bbox 196 2730 337 2788; x_wconf 85' lang='lat' dir='ltr'><strong>momenti</strong></span> <span class='ocrx_word' id='word_1_148' title='bbox 354 2741 405 2787; x_wconf 81' lang='lat' dir='ltr'><strong>est.</strong></span> <span class='ocrx_word' id='word_1_149' title='bbox 421 2729 617 2806; x_wconf 85' lang='lat' dir='ltr'><strong>Reperientor</strong></span> <span class='ocrx_word' id='word_1_150' title='bbox 629 2728 752 2787; x_wconf 65' lang='lat' dir='ltr'><strong>fortasse</strong></span> <span class='ocrx_word' id='word_1_151' title='bbox 766 2726 901 2786; x_wconf 82' lang='lat' dir='ltr'><strong>nonnulli</strong></span> <span class='ocrx_word' id='word_1_152' title='bbox 913 2727 965 2802; x_wconf 85' lang='lat' dir='ltr'><strong>qui</strong></span> <span class='ocrx_word' id='word_1_153' title='bbox 977 2731 1106 2804; x_wconf 84' lang='lat' dir='ltr'><strong>exempla</strong></span> 
     </span>
     <span class='ocr_line' id='line_1_22' title="bbox 45 2813 1106 2899; baseline 0 -19"><span class='ocrx_word' id='word_1_154' title='bbox 45 2821 176 2893; x_wconf 60' lang='lat' dir='ltr'><strong>demedi</strong></span> <span class='ocrx_word' id='word_1_155' title='bbox 191 2813 376 2896; x_wconf 73' lang='lat' dir='ltr'><strong>aversentm’,</strong></span> <span class='ocrx_word' id='word_1_156' title='bbox 398 2824 522 2899; x_wconf 82' lang='lat' dir='ltr'><strong>quihus,</strong></span> <span class='ocrx_word' id='word_1_157' title='bbox 538 2822 665 2899; x_wconf 75' lang='lat' dir='ltr'><strong>benigne</strong></span> <span class='ocrx_word' id='word_1_158' title='bbox 682 2821 791 2892; x_wconf 74' lang='lat' dir='ltr'><strong>solers,</strong></span> <span class='ocrx_word' id='word_1_159' title='bbox 809 2819 998 2878; x_wconf 79' lang='lat' dir='ltr'><strong>Prometheus</strong></span> <span class='ocrx_word' id='word_1_160' title='bbox 1018 2821 1106 2880; x_wconf 84' lang='lat' dir='ltr'><strong>conia</strong></span> 
     </span>
     <span class='ocr_line' id='line_1_23' title="bbox 46 2913 1106 2992; baseline -0.001 -19"><span class='ocrx_word' id='word_1_161' title='bbox 46 2913 173 2973; x_wconf 83' lang='lat' dir='ltr'><strong>nobiliori</strong></span> <span class='ocrx_word' id='word_1_162' title='bbox 186 2914 399 2987; x_wconf 58' lang='lat' dir='ltr'><strong>lntodnxerin</strong></span> <span class='ocrx_word' id='word_1_163' title='bbox 417 2925 527 2973; x_wconf 74' lang='lat' dir='ltr'><strong>eeteros</strong></span> <span class='ocrx_word' id='word_1_164' title='bbox 540 2914 659 2992; x_wconf 66' lang='lat' dir='ltr'><strong>vestigia</strong></span> <span class='ocrx_word' id='word_1_165' title='bbox 676 2913 818 2972; x_wconf 76' lang='lat' dir='ltr'><strong>scelerum</strong></span> <span class='ocrx_word' id='word_1_166' title='bbox 834 2913 1034 2989; x_wconf 79' lang='lat' dir='ltr'><strong>aparentibus</strong></span> <span class='ocrx_word' id='word_1_167' title='bbox 1048 2913 1106 2972; x_wconf 87' lang='lat' dir='ltr'><strong>im-</strong></span> 
     </span>
     <span class='ocr_line' id='line_1_24' title="bbox 46 3003 1103 3082; baseline 0.001 -19"><span class='ocrx_word' id='word_1_168' title='bbox 46 3019 131 3074; x_wconf 66' lang='lat' dir='ltr'><strong>pressa</strong></span> <span class='ocrx_word' id='word_1_169' title='bbox 139 3007 303 3077; x_wconf 76' lang='lat' dir='ltr'><strong>abducant,</strong></span> <span class='ocrx_word' id='word_1_170' title='bbox 317 3019 347 3064; x_wconf 86' lang='lat' dir='ltr'><strong>et</strong></span> <span class='ocrx_word' id='word_1_171' title='bbox 355 3007 431 3064; x_wconf 80' lang='lat' dir='ltr'><strong>viem</strong></span> <span class='ocrx_word' id='word_1_172' title='bbox 441 3007 574 3066; x_wconf 88' lang='lat' dir='ltr'><strong>diuturni</strong></span> <span class='ocrx_word' id='word_1_173' title='bbox 583 3005 712 3064; x_wconf 77' lang='lat' dir='ltr'><strong>criminis</strong></span> <span class='ocrx_word' id='word_1_174' title='bbox 722 3003 818 3064; x_wconf 89' lang='lat' dir='ltr'><strong>orbita</strong></span> <span class='ocrx_word' id='word_1_175' title='bbox 831 3005 946 3082; x_wconf 82' lang='lat' dir='ltr'><strong>pridem</strong></span> <span class='ocrx_word' id='word_1_176' title='bbox 956 3016 1103 3064; x_wconf 83' lang='lat' dir='ltr'><strong>monstre-</strong></span> 
     </span>
     <span class='ocr_line' id='line_1_25' title="bbox 48 3099 343 3174; baseline 0.007 -23"><span class='ocrx_word' id='word_1_177' title='bbox 48 3103 98 3151; x_wconf 76' lang='lat' dir='ltr'><strong>tam</strong></span> <span class='ocrx_word' id='word_1_178' title='bbox 108 3099 220 3174; x_wconf 82' lang='lat' dir='ltr'><strong>abrepti</strong></span> <span class='ocrx_word' id='word_1_179' title='bbox 236 3109 343 3155; x_wconf 83' lang='lat' dir='ltr'><strong>terent.</strong></span> 
     </span>
    </p>

    <p class='ocr_par' dir='ltr' id='par_1_7' title="bbox 50 3187 1107 4196">
     <span class='ocr_line' id='line_1_26' title="bbox 82 3187 1104 3267; baseline 0.001 -23"><span class='ocrx_word' id='word_1_180' title='bbox 82 3187 124 3245; x_wconf 70' lang='lat' dir='ltr'><strong>tt.</strong></span> <span class='ocrx_word' id='word_1_181' title='bbox 137 3190 338 3267; x_wconf 77' lang='lat' dir='ltr'><strong>aniasigitar</strong></span> <span class='ocrx_word' id='word_1_182' title='bbox 347 3199 486 3266; x_wconf 71' lang='lat' dir='ltr'><strong>quaeunt</strong></span> <span class='ocrx_word' id='word_1_183' title='bbox 496 3188 672 3262; x_wconf 78' lang='lat' dir='ltr'><strong>dummdu3</strong></span> <span class='ocrx_word' id='word_1_184' title='bbox 680 3189 719 3246; x_wconf 84' lang='lat' dir='ltr'><strong>ad</strong></span> <span class='ocrx_word' id='word_1_185' title='bbox 727 3189 867 3248; x_wconf 84' lang='lat' dir='ltr'><strong>boeeuim</strong></span> <span class='ocrx_word' id='word_1_186' title='bbox 876 3187 1039 3247; x_wconf 76' lang='lat' dir='ltr'><strong>laciendum</strong></span> <span class='ocrx_word' id='word_1_187' title='bbox 1048 3208 1104 3245; x_wconf 86' lang='lat' dir='ltr'><strong>una</strong></span> 
     </span>
     <span class='ocr_line' id='line_1_27' title="bbox 50 3279 1105 3358; baseline 0.003 -25"><span class='ocrx_word' id='word_1_188' title='bbox 50 3296 131 3337; x_wconf 69' lang='lat' dir='ltr'><strong>mussa</strong></span> <span class='ocrx_word' id='word_1_189' title='bbox 147 3283 244 3338; x_wconf 82' lang='lat' dir='ltr'><strong>valere</strong></span> <span class='ocrx_word' id='word_1_190' title='bbox 262 3282 365 3352; x_wconf 87' lang='lat' dir='ltr'><strong>debet,</strong></span> <span class='ocrx_word' id='word_1_191' title='bbox 384 3300 422 3339; x_wconf 88' lang='lat' dir='ltr'><strong>ue</strong></span> <span class='ocrx_word' id='word_1_192' title='bbox 439 3292 540 3338; x_wconf 82' lang='lat' dir='ltr'><strong>nostra</strong></span> <span class='ocrx_word' id='word_1_193' title='bbox 552 3279 661 3357; x_wconf 81' lang='lat' dir='ltr'><strong>flagitia</strong></span> <span class='ocrx_word' id='word_1_194' title='bbox 674 3283 827 3341; x_wconf 84' lang='lat' dir='ltr'><strong>imitentur</strong></span> <span class='ocrx_word' id='word_1_195' title='bbox 841 3301 877 3340; x_wconf 87' lang='lat' dir='ltr'><strong>ex</strong></span> <span class='ocrx_word' id='word_1_196' title='bbox 892 3281 979 3339; x_wconf 83' lang='lat' dir='ltr'><strong>nobis</strong></span> <span class='ocrx_word' id='word_1_197' title='bbox 995 3282 1105 3358; x_wconf 76' lang='lat' dir='ltr'><strong>geniti:</strong></span> 
     </span>
     <span class='ocr_line' id='line_1_28' title="bbox 50 3373 1107 3454; baseline -0.005 -20"><span class='ocrx_word' id='word_1_198' title='bbox 50 3373 70 3426; x_wconf 70' lang='lat' dir='ltr'><strong>ti</strong></span> <span class='ocrx_word' id='word_1_199' title='bbox 80 3375 190 3448; x_wconf 77' lang='lat' dir='ltr'><strong>quidem</strong></span> <span class='ocrx_word' id='word_1_200' title='bbox 203 3376 243 3432; x_wconf 76' lang='lat' dir='ltr'><strong>itt</strong></span> <span class='ocrx_word' id='word_1_201' title='bbox 254 3376 315 3432; x_wconf 85' lang='lat' dir='ltr'><strong>nati</strong></span> <span class='ocrx_word' id='word_1_202' title='bbox 328 3393 427 3433; x_wconf 79' lang='lat' dir='ltr'><strong>snmus</strong></span> <span class='ocrx_word' id='word_1_203' title='bbox 437 3393 552 3446; x_wconf 74' lang='lat' dir='ltr'><strong>omnes,</strong></span> <span class='ocrx_word' id='word_1_204' title='bbox 567 3387 602 3432; x_wconf 87' lang='lat' dir='ltr'><strong>ut</strong></span> <span class='ocrx_word' id='word_1_205' title='bbox 612 3387 715 3452; x_wconf 81' lang='lat' dir='ltr'><strong>sponte</strong></span> <span class='ocrx_word' id='word_1_206' title='bbox 726 3389 812 3454; x_wconf 83' lang='lat' dir='ltr'><strong>turpe</strong></span> <span class='ocrx_word' id='word_1_207' title='bbox 822 3395 856 3433; x_wconf 86' lang='lat' dir='ltr'><strong>ae</strong></span> <span class='ocrx_word' id='word_1_208' title='bbox 866 3395 988 3452; x_wconf 82' lang='lat' dir='ltr'><strong>pravum</strong></span> <span class='ocrx_word' id='word_1_209' title='bbox 999 3373 1107 3448; x_wconf 85' lang='lat' dir='ltr'><strong>quidli-</strong></span> 
     </span>
     <span class='ocr_line' id='line_1_29' title="bbox 50 3459 1103 3543; baseline -0.005 -17"><span class='ocrx_word' id='word_1_210' title='bbox 50 3459 91 3518; x_wconf 80' lang='lat' dir='ltr'><strong>het</strong></span> <span class='ocrx_word' id='word_1_211' title='bbox 100 3465 254 3539; x_wconf 83' lang='lat' dir='ltr'><strong>imitemur,</strong></span> <span class='ocrx_word' id='word_1_212' title='bbox 265 3479 296 3526; x_wconf 87' lang='lat' dir='ltr'><strong>et</strong></span> <span class='ocrx_word' id='word_1_213' title='bbox 306 3467 442 3525; x_wconf 79' lang='lat' dir='ltr'><strong>Catilinas</strong></span> <span class='ocrx_word' id='word_1_214' title='bbox 451 3467 563 3542; x_wconf 83' lang='lat' dir='ltr'><strong>ubique</strong></span> <span class='ocrx_word' id='word_1_215' title='bbox 573 3469 704 3543; x_wconf 71' lang='lat' dir='ltr'><strong>gentiam</strong></span> <span class='ocrx_word' id='word_1_216' title='bbox 717 3481 746 3526; x_wconf 87' lang='lat' dir='ltr'><strong>et</strong></span> <span class='ocrx_word' id='word_1_217' title='bbox 758 3479 902 3526; x_wconf 81' lang='lat' dir='ltr'><strong>terrarum</strong></span> <span class='ocrx_word' id='word_1_218' title='bbox 913 3465 1041 3542; x_wconf 85' lang='lat' dir='ltr'><strong>reperire</strong></span> <span class='ocrx_word' id='word_1_219' title='bbox 1050 3465 1103 3538; x_wconf 84' lang='lat' dir='ltr'><strong>sit,</strong></span> 
     </span>
     <span class='ocr_line' id='line_1_30' title="bbox 51 3545 1105 3637; baseline 0.002 -25"><span class='ocrx_word' id='word_1_220' title='bbox 51 3552 141 3615; x_wconf 78' lang='lat' dir='ltr'><strong>Brutos</strong></span> <span class='ocrx_word' id='word_1_221' title='bbox 150 3571 180 3617; x_wconf 88' lang='lat' dir='ltr'><strong>et</strong></span> <span class='ocrx_word' id='word_1_222' title='bbox 193 3561 331 3632; x_wconf 71' lang='grc' dir='ltr'>(ἶιῑοιια,</span> <span class='ocrx_word' id='word_1_223' title='bbox 341 3545 494 3636; x_wconf 77' lang='lat' dir='ltr'><strong>nusquam</strong></span> <span class='ocrx_word' id='word_1_224' title='bbox 505 3561 540 3616; x_wconf 89' lang='lat' dir='ltr'><strong>In</strong></span> <span class='ocrx_word' id='word_1_225' title='bbox 549 3561 693 3632; x_wconf 80' lang='lat' dir='ltr'><strong>eadomo,</strong></span> <span class='ocrx_word' id='word_1_226' title='bbox 707 3561 803 3637; x_wconf 81' lang='lat' dir='ltr'><strong>inqua</strong></span> <span class='ocrx_word' id='word_1_227' title='bbox 812 3557 1105 3636; x_wconf 70' lang='lat' dir='ltr'><strong>pueriliquisversa-</strong></span> 
     </span>
     <span class='ocr_line' id='line_1_31' title="bbox 51 3648 1106 3727; baseline 0.001 -19"><span class='ocrx_word' id='word_1_228' title='bbox 51 3653 102 3718; x_wconf 66' lang='lat' dir='ltr'><strong>tur,</strong></span> <span class='ocrx_word' id='word_1_229' title='bbox 122 3651 194 3708; x_wconf 85' lang='lat' dir='ltr'><strong>nihil</strong></span> <span class='ocrx_word' id='word_1_230' title='bbox 210 3652 360 3725; x_wconf 79' lang='lat' dir='ltr'><strong>audiatur,</strong></span> <span class='ocrx_word' id='word_1_231' title='bbox 375 3653 448 3708; x_wconf 81' lang='lat' dir='ltr'><strong>nihil</strong></span> <span class='ocrx_word' id='word_1_232' title='bbox 463 3652 639 3727; x_wconf 76' lang='lat' dir='ltr'><strong>adspiciutnr</strong></span> <span class='ocrx_word' id='word_1_233' title='bbox 653 3653 832 3710; x_wconf 73' lang='lat' dir='ltr'><strong>obecoemm.</strong></span> <span class='ocrx_word' id='word_1_234' title='bbox 856 3651 962 3708; x_wconf 82' lang='lat' dir='ltr'><strong>Procul</strong></span> <span class='ocrx_word' id='word_1_235' title='bbox 977 3648 1059 3708; x_wconf 81' lang='lat' dir='ltr'><strong>illine</strong></span> <span class='ocrx_word' id='word_1_236' title='bbox 1077 3663 1106 3709; x_wconf 86' lang='lat' dir='ltr'><strong>et</strong></span> 
     </span>
     <span class='ocr_line' id='line_1_32' title="bbox 52 3735 1106 3820; baseline -0.001 -18"><span class='ocrx_word' id='word_1_237' title='bbox 52 3735 122 3796; x_wconf 79' lang='lat' dir='ltr'><strong>istinc</strong></span> <span class='ocrx_word' id='word_1_238' title='bbox 133 3757 335 3803; x_wconf 80' lang='lat' dir='ltr'><strong>removeantur</strong></span> <span class='ocrx_word' id='word_1_239' title='bbox 346 3746 513 3805; x_wconf 77' lang='lat' dir='ltr'><strong>meretrices</strong></span> <span class='ocrx_word' id='word_1_240' title='bbox 522 3755 554 3801; x_wconf 80' lang='lat' dir='ltr'><strong>et</strong></span> <span class='ocrx_word' id='word_1_241' title='bbox 566 3755 665 3802; x_wconf 75' lang='lat' dir='ltr'><strong>mutus</strong></span> <span class='ocrx_word' id='word_1_242' title='bbox 681 3746 873 3820; x_wconf 80' lang='lat' dir='ltr'><strong>parasitorum</strong></span> <span class='ocrx_word' id='word_1_243' title='bbox 887 3752 979 3800; x_wconf 80' lang='lat' dir='ltr'><strong>totam</strong></span> <span class='ocrx_word' id='word_1_244' title='bbox 989 3753 1106 3801; x_wconf 81' lang='lat' dir='ltr'><strong>noctem</strong></span> 
     </span>
     <span class='ocr_line' id='line_1_33' title="bbox 54 3835 1106 3914; baseline -0.001 -19"><span class='ocrx_word' id='word_1_245' title='bbox 54 3838 223 3895; x_wconf 69' lang='lat' dir='ltr'><strong>ammodo</strong></span> <span class='ocrx_word' id='word_1_246' title='bbox 239 3839 461 3897; x_wconf 83' lang='lat' dir='ltr'><strong>tmduoentinm.</strong></span> <span class='ocrx_word' id='word_1_247' title='bbox 484 3837 625 3894; x_wconf 83' lang='lat' dir='ltr'><strong>Habenda</strong></span> <span class='ocrx_word' id='word_1_248' title='bbox 644 3847 688 3894; x_wconf 87' lang='lat' dir='ltr'><strong>est</strong></span> <span class='ocrx_word' id='word_1_249' title='bbox 705 3855 859 3914; x_wconf 83' lang='lat' dir='ltr'><strong>permagna</strong></span> <span class='ocrx_word' id='word_1_250' title='bbox 876 3835 998 3913; x_wconf 79' lang='lat' dir='ltr'><strong>puerilis</strong></span> <span class='ocrx_word' id='word_1_251' title='bbox 1016 3836 1106 3894; x_wconf 78' lang='lat' dir='ltr'><strong>etatis</strong></span> 
     </span>
     <span class='ocr_line' id='line_1_34' title="bbox 55 3923 1104 4007; baseline 0.01 -33"><span class='ocrx_word' id='word_1_252' title='bbox 55 3923 134 3994; x_wconf 82' lang='lat' dir='ltr'><strong>nuo,</strong></span> <span class='ocrx_word' id='word_1_253' title='bbox 146 3939 174 3984; x_wconf 83' lang='lat' dir='ltr'><strong>et</strong></span> <span class='ocrx_word' id='word_1_254' title='bbox 184 3929 266 4003; x_wconf 80' lang='lat' dir='ltr'><strong>quasi</strong></span> <span class='ocrx_word' id='word_1_255' title='bbox 278 3929 457 4000; x_wconf 57' lang='lat' dir='ltr'><strong>rerer-entim</strong></span> <span class='ocrx_word' id='word_1_256' title='bbox 473 3939 580 4004; x_wconf 82' lang='lat' dir='ltr'><strong>tuque,</strong></span> <span class='ocrx_word' id='word_1_257' title='bbox 597 3930 622 3985; x_wconf 85' lang='lat' dir='ltr'><strong>si</strong></span> <span class='ocrx_word' id='word_1_258' title='bbox 635 3929 709 4006; x_wconf 80' lang='lat' dir='ltr'><strong>qnid</strong></span> <span class='ocrx_word' id='word_1_259' title='bbox 721 3929 855 4005; x_wconf 86' lang='lat' dir='ltr'><strong>improbe</strong></span> <span class='ocrx_word' id='word_1_260' title='bbox 867 3929 963 3988; x_wconf 74' lang='lat' dir='ltr'><strong>faeere</strong></span> <span class='ocrx_word' id='word_1_261' title='bbox 980 3928 1104 4007; x_wconf 76' lang='lat' dir='ltr'><strong>rogitas,</strong></span> 
     </span>
     <span class='ocr_line' id='line_1_35' title="bbox 55 4012 1104 4101; baseline 0.001 -25"><span class='ocrx_word' id='word_1_262' title='bbox 55 4012 105 4069; x_wconf 85' lang='lat' dir='ltr'><strong>noli</strong></span> <span class='ocrx_word' id='word_1_263' title='bbox 115 4027 240 4077; x_wconf 80' lang='lat' dir='ltr'><strong>teneram</strong></span> <span class='ocrx_word' id='word_1_264' title='bbox 253 4021 336 4097; x_wconf 87' lang='lat' dir='ltr'><strong>p&#39;ueri</strong></span> <span class='ocrx_word' id='word_1_265' title='bbox 350 4033 462 4080; x_wconf 73' lang='lat' dir='ltr'><strong>atatem</strong></span> <span class='ocrx_word' id='word_1_266' title='bbox 475 4039 624 4096; x_wconf 53' lang='lat' dir='ltr'><strong>sper-nera</strong></span> <span class='ocrx_word' id='word_1_267' title='bbox 642 4023 732 4082; x_wconf 87' lang='lat' dir='ltr'><strong>immo</strong></span> <span class='ocrx_word' id='word_1_268' title='bbox 746 4035 931 4101; x_wconf 79' lang='lat' dir='ltr'><strong>peccaturum</strong></span> <span class='ocrx_word' id='word_1_269' title='bbox 944 4036 973 4084; x_wconf 90' lang='lat' dir='ltr'><strong>te</strong></span> <span class='ocrx_word' id='word_1_270' title='bbox 983 4024 1104 4082; x_wconf 72' lang='lat' dir='ltr'><strong>redueat</strong></span> 
     </span>
     <span class='ocr_line' id='line_1_36' title="bbox 56 4108 1107 4196; baseline -0.003 -21"><span class='ocrx_word' id='word_1_271' title='bbox 56 4108 163 4175; x_wconf 59' lang='lat' dir='ltr'><strong>laetitia</strong></span> <span class='ocrx_word' id='word_1_272' title='bbox 176 4111 238 4172; x_wconf 86' lang='lat' dir='ltr'><strong>lilii.</strong></span> <span class='ocrx_word' id='word_1_273' title='bbox 252 4115 284 4175; x_wconf 81' lang='lat' dir='ltr'><strong>si</strong></span> <span class='ocrx_word' id='word_1_274' title='bbox 296 4115 374 4185; x_wconf 81' lang='lat' dir='ltr'><strong>enim</strong></span> <span class='ocrx_word' id='word_1_275' title='bbox 388 4113 544 4192; x_wconf 79' lang='lat' dir='ltr'><strong>aliquando</strong></span> <span class='ocrx_word' id='word_1_276' title='bbox 559 4114 609 4174; x_wconf 82' lang='lat' dir='ltr'><strong>ille</strong></span> <span class='ocrx_word' id='word_1_277' title='bbox 624 4115 772 4179; x_wconf 78' lang='lat' dir='ltr'><strong>admiserit</strong></span> <span class='ocrx_word' id='word_1_278' title='bbox 787 4119 936 4196; x_wconf 79' lang='lat' dir='ltr'><strong>quidpiam</strong></span> <span class='ocrx_word' id='word_1_279' title='bbox 953 4139 968 4174; x_wconf 85' lang='lat' dir='ltr'><strong>a</strong></span> <span class='ocrx_word' id='word_1_280' title='bbox 985 4133 1107 4174; x_wconf 80' lang='lat' dir='ltr'><strong>censore</strong></span> 
     </span>
    </p>
   </div>
   <div class='ocr_carea' id='block_1_6' title="bbox 0 0 1428 4917">
    <p class='ocr_par' dir='ltr' id='par_1_8' title="bbox 0 0 1428 4917">
     <span class='ocr_line' id='line_1_37' title="bbox 0 0 1428 4917; baseline 0 0"><span class='ocrx_word' id='word_1_281' title='bbox 0 0 1428 4917; x_wconf 95' lang='lat' dir='ltr'><strong> </strong></span> 
     </span>
    </p>
   </div>
  </div>
 </body>
</html>
