2784 4917
174 494 178 497 .
266 442 307 505 52
540 440 581 506 D.
610 442 748 507 JUNII
777 440 795 503 J
803 440 1059 507 UVENALIS

264 556 486 649 Temporibus
501 554 583 625 diris
598 556 720 652 igitur,
734 556 897 650 jussuque
911 556 1075 642 Neronis,
1306 566 1334 618 ιε

264 667 478 760 Longinum,
501 678 535 735 et
553 690 692 761 magnos
708 668 841 737 Senecae
857 663 1041 761 praedivitis
1056 666 1173 734 hortos

264 774 406 861 Clausit,
420 790 454 843 ot
467 776 614 870 egregias
628 778 873 844 Lateranorum
886 776 1015 844 obsidet
1027 774 1116 845 aedes

264 886 349 953 Tota
364 884 509 953 cohors:
523 907 618 951 rarus
631 883 725 952 venit
740 884 775 952 in
789 883 960 953 coenacula
973 882 1077 952 miles.

264 994 377 1062 Pauca
393 990 471 1061 licet
488 1007 605 1086 portes
620 995 751 1088 argenti
766 992 899 1063 vascula
915 995 1011 1089 puri,

263 1108 375 1176 Nocte
395 1106 460 1173 iter
479 1106 648 1201 ingressus
664 1106 814 1202 gladium
831 1121 1039 1202 contumque
1055 1105 1204 1187 timebis,
1306 1137 1336 1169 ιο

263 1218 308 1284 Et
323 1214 423 1285 niotae
435 1214 478 1283 ad
497 1214 610 1285 lunam
627 1216 808 1311 trepidabis
822 1215 997 1285 arundinis
1011 1217 1165 1285 umbram
1180 1240 1188 1281 :

263 1325 420 1393 Cantabit
432 1350 556 1395 vacuus
571 1352 685 1396 coram
701 1326 831 1397 latrone
846 1329 966 1397 viator.

311 1435 423 1503 Prima
441 1433 511 1503 fere
530 1451 624 1525 vota,
643 1452 676 1506 et
694 1438 824 1506 cunctis
842 1438 1017 1505 notissima
1034 1432 1182 1529 templis,

263 1544 420 1633 Divitiae;
439 1562 591 1615 crescant
608 1563 648 1616 ut
665 1572 765 1641 opes,
782 1562 822 1616 ut
836 1547 979 1615 maxima
998 1560 1070 1614 toto

263 1655 389 1725 Nostra
407 1654 450 1723 sit
465 1680 543 1725 arca
561 1654 637 1725 foro
654 1682 662 1724 :
682 1656 741 1725 scd
758 1656 851 1727 nulla
864 1658 997 1727 aconita
1011 1655 1175 1725 bibuntur
1305 1670 1335 1721 25

262 1761 458 1833 Fictilibus:
478 1778 560 1833 tunc
580 1762 634 1832 illa
653 1767 748 1850 time,
767 1789 872 1857 quum
893 1762 1014 1858 pocula
1030 1786 1141 1831 sumes

262 1873 460 1958 Gemmata,
480 1889 513 1943 et
532 1873 599 1943 lato
617 1875 772 1943 Setinum
789 1874 919 1944 ardebit
937 1875 972 1941 iu
990 1896 1084 1941 auro.

307 1982 429 2050 Jamne
447 1983 549 2077 igitur
567 1981 700 2069 laudas,
720 1982 813 2077 quod
834 1982 875 2052 de
895 1981 1101 2077 sapientibus
1117 1978 1202 2048 alter

261 2090 425 2177 Ridebat,
447 2091 576 2183 quoties
595 2090 638 2157 dc
656 2089 773 2158 limine
792 2109 943 2161 moverat
959 2117 1067 2160 unum

263 2198 521 2295 protuleratque
536 2200 673 2293 pedem,
688 2200 789 2269 flebat
803 2204 991 2269 contrarius
1004 2199 1144 2270 auctor?
1306 2218 1338 2268 30

262 2424 313 2469 est.
337 2414 378 2468 Ea
399 2430 494 2469 caussa
518 2414 656 2472 nimirum
681 2416 757 2486 fnit,
782 2432 836 2470 cur
861 2412 1041 2486 temporibus
1064 2413 1104 2469 ob
1127 2412 1339 2487 imperatorum

262 2503 399 2561 saevitiam
420 2504 553 2577 funestis,
574 2501 693 2577 milites,
716 2507 837 2582 jubente
859 2508 992 2577 Nerone,
1012 2506 1042 2561 in
1060 2506 1193 2562 Laterani
1211 2516 1241 2561 et
1263 2509 1340 2563 Lon-

262 2595 324 2671 gini
342 2595 507 2669 splendidas
523 2598 612 2670 aedes,
633 2600 664 2655 in
682 2598 782 2661 villam
803 2599 950 2674 ingentem
971 2600 1086 2656 Senecae
1106 2598 1196 2673 regali
1217 2610 1339 2673 sumptu

263 2698 450 2758 exstructam,
477 2690 597 2749 immissi
619 2692 730 2750 fuerint
744 2691 795 2766 qui
818 2709 864 2748 eas
886 2690 1071 2760 obsiderent,
1093 2708 1127 2745 ac
1149 2689 1289 2748 dominos
1303 2691 1341 2746 ad

262 2788 387 2834 mortem
403 2780 562 2855 adigerent.
587 2787 666 2840 Raro
689 2787 720 2840 iu
744 2796 872 2859 angusta
892 2785 1044 2837 coeuacula
1065 2780 1196 2837 cohortes
1210 2795 1340 2837 armata

264 2870 423 2925 ηιίτιιιηιιιν.
445 2873 585 2940 Quamvis
604 2874 678 2931 ieras
702 2894 792 2950 pauca
810 2894 845 2931 ex
864 2884 986 2952 argento
1005 2893 1067 2930 non
1087 2874 1186 2929 caelato
1204 2893 1294 2945 vasa,
1315 2875 1340 2931 si

263 2972 450 3036 pernoctem
470 2964 523 3020 vire
542 2976 571 3021 te
588 2967 763 3036 committas,
783 2968 925 3024 latronem
943 2967 1132 3023 nihilomiuus
1148 2966 1247 3041 giadio
1266 2988 1340 3025 cou-

263 3062 354 3127 toque
374 3064 516 3111 armatum
533 3056 722 3126 formidabis,
743 3058 829 3114 etad
851 3059 986 3115 umbram
1000 3057 1151 3113 arundinis
1170 3067 1264 3115 vento
1284 3060 1339 3115 'sub

263 3146 362 3201 lunam
377 3146 491 3222 agitatre
507 3150 687 3224 expallesces.
704 3152 808 3207 Viator
821 3163 943 3227 argento
958 3169 1066 3207 vacuus
1079 3149 1112 3204 in
1126 3149 1248 3205 latronis
1265 3170 1339 3208 cou-

264 3249 365 3313 spectu
378 3250 471 3295 canet.

306 3330 353 3387 23.
375 3331 411 3387 ld
425 3332 557 3391 homiues
571 3336 632 3393 fere
646 3354 747 3395 omnes
761 3338 866 3395 misere
877 3336 1009 3411 eupiunt3
1024 3336 1055 3391 id
1066 3354 1082 3389 a
1095 3335 1215 3409 Superis
1226 3337 1339 3409 palam

265 3440 354 3496 quum
371 3422 479 3481 adeunt
493 3428 611 3501 templa,
623 3432 788 3503 postulant,
803 3441 836 3485 ut
851 3438 1011 3504 augeantur
1026 3425 1147 3493 divitiis,
1164 3425 1287 3499 opibus,
1305 3437 1339 3481 ut

265 3534 367 3573 eorum
383 3534 448 3573 arca
463 3519 587 3575 maxima
605 3521 641 3578 sit
659 3523 738 3580 inter
752 3523 829 3591 illas,
845 3540 909 3596 quae
923 3530 1076 3576 servantur
1089 3518 1121 3573 in
1135 3518 1212 3574 foro.
1230 3519 1293 3575 Sed
1307 3519 1338 3573 iu

265 3606 377 3679 poculis
387 3610 531 3686 exurgitis
542 3610 616 3670 fictis
626 3614 699 3671 nihil
710 3626 753 3671 est
765 3636 782 3670 a
792 3632 905 3670 veneno
915 3611 1050 3687 periculi,
1066 3621 1135 3667 tnnc
1144 3610 1220 3666 illud
1230 3610 1338 3667 merito

265 3696 436 3767 reformida,
453 3703 569 3775 quando
583 3722 687 3763 aureus
701 3707 839 3783 scyphus,
855 3704 975 3781 gemmis
992 3714 1128 3776 ornatus,
1150 3712 1179 3758 et
1193 3720 1338 3776 generoso

266 3788 368 3860 plenus
383 3790 471 3861 vino,
484 3806 519 3852 ut
530 3796 649 3872 Setino,
664 3800 718 3857 tibi
730 3799 907 3876 porrigetur.

305 3880 352 3936 28·
377 3881 475 3951 Quum
486 3886 546 3944 baec
561 3890 641 3948 irase
653 3893 796 3963 habeant,
808 3910 908 3949 nonne
916 3890 975 3965 jam
989 3889 1096 3947 merito
1107 3885 1268 3943 laudandos
1277 3904 1339 3943 esse

266 3973 403 4049 intelligis
424 3979 525 4035 ambm
536 3982 602 4039 illos
618 3984 824 4061 philosophos,
842 4002 967 4060 quorum
986 3983 1068 4047 alter,
1082 3980 1227 4055 quotiesc
1245 3980 1337 4035 domo

264 4064 397 4140 prodiret
417 4066 448 4124 iu
463 4071 627 4145 publicum,
640 4077 718 4147 risu,
734 4080 807 4136 alter
817 4090 918 4134 contra
931 4076 1004 4133 fletu
1018 4074 1194 4132 dementiam
1208 4084 1238 4128 et
1253 4073 1336 4149 inep-

266 4157 317 4216 tias
336 4157 485 4217 bominum
502 4168 755 4241 prosequebatur?
776 4171 904 4229 Videtur
916 4180 1012 4228 tamen
1028 4158 1087 4223 es'se
1109 4165 1220 4221 facilius
1238 4182 1336 4223 mores
