2784 4917
309 387 364 453 IN
387 386 620 453 SATIRAM
642 388 896 455 DECIMAM.
1084 386 1125 453 85
1146 448 1152 463 ,

77 506 118 556 ert.
132 516 178 552 nec
188 518 312 572 spernere
323 503 334 570 (
345 501 397 553 nisi
407 502 458 572 leg.
475 502 603 575 sperare)
616 497 738 565 modice,
750 519 800 553 nec
812 502 913 555 habere
925 500 1026 559 sciunt3
1035 512 1063 554 et
1074 520 1130 553 non

73 578 142 632 imme
161 580 256 635 desunt
271 584 373 637 irarum
389 580 560 654 indulgentes
577 580 707 648 ministri,
726 584 774 655 qui
788 582 883 637 aridoa
901 596 982 655 atque
999 584 1130 656 intempe-

74 654 146 716 uates
158 666 326 737 plebeiorum
339 668 442 723 animoa
456 666 492 721 ad
502 666 659 737 sauguinem
672 676 700 718 et
715 664 803 719 credes
819 666 933 719 irritent.
941 692 954 713 ι

102 758 164 813 Nor.
181 762 295 833 65-67.
317 763 383 816 lieo
404 774 468 814 sunt
490 762 573 815 rerba
593 762 635 814 rel
655 761 767 833 populi,
784 762 898 815 Tiberio
917 764 1076 833 gratulantis
1098 762 1132 816 de

74 858 184 911 oppresso
201 844 251 897 illo
264 846 384 898 hominis
396 856 532 909 monstro,
548 844 591 897 rel
606 862 666 915 qum
682 844 774 914 plures
791 862 882 897 secum
900 846 1093 916 colloquuntur
1105 857 1134 898 ct

74 941 121 993 que
128 927 236 999 quisque
249 929 303 981 sibi
315 927 397 992 dixit,
407 928 544 982 exsultans
556 926 648 979 letitia
659 924 695 979 ad
705 927 823 997 primum
832 930 959 993 nuntium
970 926 1004 981 de
1015 926 1088 981 cede
1098 946 1132 981 ac

74 1024 137 1073 pena
148 1010 235 1082 Sejaui
249 1010 284 1065 ad
299 1031 326 1065 se
336 1011 480 1084 perlatum,
495 1009 574 1063 Conl.
589 1008 669 1061 simil.
684 1009 736 1063 loc.
749 1011 789 1063 vt
798 1050 806 1076 ,
815 1012 931 1080 47-52.
942 1042 978 1052 -
989 1016 1056 1063 Pons
1067 1012 1134 1062 domi

74 1090 148 1151 batos,
163 1092 225 1147 ride
237 1094 273 1147 ad
285 1096 343 1158 vt,
360 1094 446 1147 51.-
454 1098 508 1145 Duc
521 1094 546 1143 in
559 1094 716 1161 Capitolio...
726 1098 822 1155 mem,
837 1112 900 1147 nam
913 1095 1031 1148 maxima
1044 1094 1134 1147 hostia

76 1190 215 1249 summoque
225 1177 278 1233 deo
287 1176 430 1231 mactanda
440 1190 479 1230 est
490 1177 519 1229 in
530 1188 605 1229 tanta
615 1176 722 1240 laetitia,
734 1189 789 1229 tam
799 1178 910 1249 publica
920 1196 1002 1249 quam
1011 1177 1133 1250 privata,

75 1259 129 1313 utin
141 1262 286 1335 triumpho.
304 1264 392 1315 Vetus
410 1260 501 1315 Schol.
518 1272 626 1325 mouet,
640 1260 780 1315 luvenalis
791 1262 875 1315 menti
887 1262 1060 1317 obversatum
1076 1279 1133 1315 ease

62 1361 164 1398 'rusum
180 1346 318 1400 Lucretii:

239 1445 402 1505 Cretammque
412 1442 497 1489 bovem
508 1442 561 1488 duci
572 1441 602 1488 ad
613 1442 727 1504 Capitolia
738 1459 829 1505 magna.

75 1524 153 1579 -llie
162 1528 372 1581 versuahccretio
381 1546 431 1599 pro
440 1530 532 1580 Lucilio
540 1529 740 1599 perperam,ob
747 1529 863 1582 nominis
870 1530 1048 1593 vicinitatem,
1057 1542 1132 1583 tran·

75 1606 173 1677 scriptus
184 1608 301 1663 ridetur.
316 1609 396 1665 Conl.
408 1614 495 1662 Doara
508 1611 536 1663 in
551 1612 636 1664 Lucil
648 1611 736 1682 Reliq.
747 1630 809 1683 pag.
826 1612 886 1678 ¹39·
901 1618 978 1665 Doct.
991 1615 1132 1673 Achaiam,

76 1688 174 1745 innotis
187 1690 222 1745 ad
238 1694 414 1759 Iuvenalem,
426 1694 551 1748 Lucretio
568 1695 642 1748 hunc
659 1692 802 1755 adscribit3
816 1692 862 1747 sed
880 1694 908 1746 in
921 1694 975 1748 line
984 1694 1134 1747 Satirarum

77 1773 160 1841 Persii,
172 1794 233 1829 eum
244 1776 316 1830 inter
329 1776 428 1831 Lucilii
441 1777 592 1849 fragmenta
601 1776 697 1843 refert,
710 1796 774 1849 pag.
786 1776 847 1839 ³14.
858 1776 1014 1829 lto-unct
1023 1778 1135 1829 verbnm

77 1858 214 1928 proprium,
228 1872 284 1913 tam
296 1857 330 1913 de
339 1860 471 1929 victimis,
484 1880 580 1933 quam,
591 1874 623 1914 ut
634 1876 696 1913 mox
707 1880 747 1914 rs.
760 1864 806 1925 66,
818 1859 852 1913 de
860 1859 957 1912 noxiis.
970 1868 979 1893 ¹
992 1852 1136 1929 Ἐμφαηκῶς

77 1939 109 1993 bb
118 1940 167 1995 boc
177 1943 239 1996 loco
252 1943 414 2015 ponitur.·-
426 1946 564 2013 Capitolia,
580 1944 644 1999 ride
654 1942 691 1998 ad
704 1945 783 2006 XIV,
796 1962 839 2012 91.
852 1945 986 2008 Cretatam,
995 1961 1052 1996 uon
1065 1954 1137 1996 creta

76 2024 238 2079 immolationi
251 2026 422 2099 designatum
433 2029 443 2097 (
450 2028 525 2101 quod
538 2028 653 2100 putabat
664 2027 789 2081 Saubert.
806 2026 841 2079 de
851 2026 1007 2086 sacrificiis,
1018 2044 1078 2098 cap,
1095 2026 1137 2089 18,

76 2126 126 2180 pag.
140 2119 188 2181 4²7
203 2130 259 2184 seq.
270 2114 281 2181 )
293 2110 340 2165 red
354 2111 477 2174 niveum,
496 2111 613 2167 candore
634 2110 751 2164 similam
762 2122 858 2173 creta,
875 2110 964 2183 qualis
977 2109 1067 2163 hostia
1086 2106 1140 2161 diis

77 2192 178 2262 ruperia,
195 2198 264 2265 inpr.
278 2193 407 2249 beneficis
425 2212 457 2251 ac
470 2195 549 2254 lori,
566 2207 593 2249 et
612 2195 638 2247 in
656 2211 755 2265 magna
771 2193 879 2258 letitia,
893 2193 1007 2246 mactari
1022 2193 1137 2246 solebat.

12 2318 14 2333 ‚
77 2273 228 2349 Coanirg.
240 2282 302 2331 AEn.
315 2280 371 2342 IX,
386 2281 448 2349 627,
460 2276 528 2343 6283
539 2278 619 2333 Orid.
631 2296 664 2331 ex
677 2280 774 2341 Ponto,
788 2279 839 2339 tv,
854 2294 881 2344 9,
895 2278 929 2330 50
942 2279 977 2331 al.
988 2279 1060 2331 Nota
1070 2278 1137 2329 sch.

77 2363 258 2413 estncmaerr
273 2360 374 2415 dicitur
386 2362 478 2435 potius
492 2360 612 2425 basille,
624 2360 701 2433 quia,
712 2380 796 2433 quum
809 2379 878 2433 sepe
888 2361 953 2414 satis
965 2361 1044 2414 albos
1055 2362 1140 2415 borea

77 2460 123 2496 aon
128 2444 289 2511 invenirent,
297 2446 418 2499 maculas
427 2464 520 2499 eorum
530 2459 602 2499 creta
611 2444 835 2509 dissimulabant3
843 2443 917 2497 unde
923 2444 1029 2497 Persius
1036 2446 1071 2506 V,
1079 2462 1140 2514 ¹77·

76 2540 180 2583 emarus
191 2532 349 2581 ambitionem
362 2530 549 2603 metaphorice
561 2529 637 2583 dixit.
645 2556 656 2576 ι
667 2560 704 2573 -
719 2534 786 2582 Uoco
793 2567 803 2591 ,
814 2532 845 2581 in
856 2523 958 2581 collum
966 2529 1008 2581 rel
1020 2540 1140 2583 mentum

76 2607 133 2673 fixo,
146 2611 292 2683 perduelles
302 2611 423 2666 damnati
435 2612 471 2665 ad
483 2613 571 2665 scalas
585 2612 731 2665 Gemonias
740 2611 919 2664 trahebantur
929 2627 936 2661 :
947 2608 1020 2681 quod
1034 2611 1140 2683 suppli·

77 2691 136 2745 rium
149 2694 211 2748 satis
224 2708 319 2749 notum
333 2708 380 2750 eat.
395 2696 440 2749 Sic
452 2712 561 2768 quoque
572 2695 701 2768 sejanum
713 2714 729 2747 e
742 2694 822 2747 scalis
838 2694 893 2745 illis
904 2693 1100 2765 precipitatum
1113 2708 1142 2749 et

78 2775 155 2830 biduo
172 2790 234 2851 post
252 2780 280 2831 in
296 2778 418 2833 Tiberim
434 2781 585 2852 projectum
601 2797 671 2838 esse,
690 2775 775 2829 tradit
792 2777 860 2842 Dio,
879 2776 988 2842 LVlll,
1013 2795 1053 2830 n.
1072 2778 1140 2843 Qum

78 2858 174 2912 Tacitus
183 2859 216 2913 de
226 2862 285 2933 ejus
295 2874 381 2914 morte
390 2880 422 2914 ac
431 2880 508 2934 poena
515 2862 650 2915 memorias
656 2857 835 2933 prodiderat,
843 2857 1011 2920 intercidere.
1023 2890 1059 2900 -
1068 2866 1140 2928 Spec-

78 2944 160 3005 undas,
175 2944 331 3017 spectaculo
344 2944 453 3001 suturae
471 2963 503 2999 ac
514 2932 650 2997 indibria.

106 3090 167 3139 Vn.
186 3092 227 3154 67.
246 3091 330 3141 Herba
343 3108 391 3157 pro
405 3092 478 3143 labra
485 3126 495 3150 ,
513 3096 553 3143 16.

105 3182 169 3236 Nor.
189 3186 303 3256 67-70.
323 3186 415 3240 Verba
427 3186 523 3257 populi
532 3184 670 3240 redeuntis
681 3186 717 3239 ab
727 3185 782 3240 boc
793 3188 965 3259 spectaculo,
976 3198 1003 3241 ct
1016 3186 1142 3260 Sejanum

77 3262 233 3331 insectantis,
246 3288 302 3321 non
316 3282 372 3323 tam
384 3289 418 3324 cx
431 3288 496 3323 vero
515 3268 594 3336 odio,
609 3288 690 3342 quam
708 3282 738 3323 ut
754 3271 936 3342 suspicionem
951 3272 1143 3324 familiaritatia

77 3364 129 3403 tum
140 3371 170 3405 eo
184 3364 330 3406 contractu
343 3372 359 3407 a
371 3372 398 3408 ae
410 3352 556 3417 dimoveat,
571 3366 597 3406 et
606 3354 711 3407 Tiberii
723 3354 789 3407 vitet
800 3354 923 3407 insidias.
935 3384 970 3395 -
981 3360 1042 3421 Quoe
1052 3357 1126 3404 labra
1131 3391 1146 3415 ‚.

77 3448 147 3502 quam
159 3435 274 3490 distorta
284 3455 316 3491 ac
328 3436 496 3491 deformata?
505 3470 538 3479 -
547 3442 606 3507 Quis
616 3442 719 3499 vrum,
731 3457 813 3511 qnam
821 3457 906 3491 serua
917 3457 950 3491 ae
961 3436 1146 3490 dilaceratam?

76 3518 184 3572 -llunc
191 3521 283 3573 locum
294 3520 333 3573 ita
343 3520 470 3593 iutelligit
481 3522 550 3575 inter
563 3522 631 3575 alioa
641 3522 794 3592 complures
804 3523 949 3584 Achaiam,
962 3523 1041 3592 cujus
1050 3533 1143 3574 notam

76 3604 242 3671 transcribere
254 3604 373 3676 pretium
383 3622 473 3677 operta
482 3603 590 3659 videtur
598 3620 622 3657 :r
628 3602 708 3656 Couf.
719 3604 778 3655 hac
789 3604 871 3656 rerba
882 3621 944 3656 cum
953 3602 1035 3657 variis
1047 3606 1147 3676 populi

78 3683 202 3738 ·Pariaini
214 3686 376 3757 colloquiis,
388 3706 503 3759 cumque
516 3686 669 3741 maledictis
682 3699 709 3739 et
721 3685 982 3739 subtannationibus
993 3687 1093 3759 ‹paibus
1103 3690 1145 3742 la-

77 3770 205 3821 ·cesaebat
214 3768 373 3823 damnatum
386 3771 467 3823 istum
480 3782 562 3843 atque
574 3768 609 3823 ad
624 3770 789 3842 supplicium
805 3782 923 3823 tractum
940 3776 1142 3826 Maximillam

76 3855 260 3921 «ltobespr'em,
279 3872 359 3926 quem
375 3853 447 3910 idem
459 3854 591 3928 populus,
606 3874 708 3927 paucos
725 3866 787 3909 ante
800 3852 875 3921 dies,
894 3854 936 3911 ad.
948 3858 1042 3915 carlum
1060 3878 1146 3933 prope

109 4139 117 4165 ¹
139 4135 202 4183 Vide
215 4136 304 4185 Heius.
317 4136 349 4185 ad
363 4136 437 4185 ovid.
448 4137 510 4185 Met.
527 4137 654 4197 1V‚rrt.
