2784 4917
391 369 579 434 surius
601 370 807 437 nectua.
840 316 846 323 l
1080 374 1122 459 ⁶7

66 487 192 569 diuersa,
211 498 245 552 et
263 484 406 553 flammis
428 485 537 553 Asiam
554 483 713 578 ferroque
730 486 912 555 cadentem.

66 592 152 661 Tunc
165 590 256 661 miles
271 592 433 661 tremulus
450 594 559 686 posita
576 591 653 661 tulit
666 617 759 663 arma
772 595 870 678 tiara,

66 702 102 767 Et
116 704 178 771 ruit
188 716 265 771 ante
276 726 369 771 aram
382 702 505 771 summi
518 702 626 787 lovis,
647 716 685 771 ut
700 700 831 773 vetulus
845 704 922 792 bos,

67 812 125 898 Qui
138 811 262 880 domini
278 811 396 881 cultris
411 827 513 881 tenue
526 826 561 879 et
575 810 760 881 miserabile
773 811 898 883 collum

69 923 255 1007 Praebet,ab
268 924 401 1018 ingrato
411 923 482 1016 jam
494 922 660 993 fastiditus
675 938 797 995 aratro.
1073 959 1123 1012 270

68 1035 168 1103 Exitus
184 1032 238 1103 ille.
255 1048 440 1127 utcumque
457 1033 628 1101 hominis:
650 1034 709 1103 sed
730 1050 826 1104 torva
842 1034 964 1104 canino

70 1144 202 1211 latravit
217 1143 319 1227 rictu,
339 1168 413 1237 quae
433 1143 615 1236 posthunc
633 1144 776 1228 vixerat,
793 1168 889 1215 uxor.

109 1254 234 1322 Festino
250 1253 293 1322 ad
314 1268 463 1339 nostrum
480 1266 515 1321 et
531 1278 644 1348 regem
663 1268 796 1324 transeo
814 1258 932 1342 Ponti,

69 1365 276 1447 EtCroesunt,
292 1388 395 1457 quern
409 1388 474 1431 vox
485 1362 565 1455 justi
581 1362 726 1433 facunda
741 1364 874 1436 Solonis
1054 1447 1057 1452 ,

70 1474 235 1565 Respicere
252 1471 295 1541 ad
314 1472 423 1567 lougae
438 1472 539 1565 jussit
556 1475 662 1567 spatia
681 1471 799 1545 ultima
815 1478 901 1545 vitae.
1073 1497 1123 1567 ²7⁵

69 1580 228 1667 Exsilium,
243 1598 277 1652 et
294 1608 422 1667 carcer,
441 1584 764 1678 Minturnarumque
783 1584 936 1678 paludes,

69 1695 105 1761 Et
118 1695 319 1764 mendicatus
331 1695 419 1763 victa
430 1692 634 1787 Cartbagine
647 1696 760 1788 panis,

70 1806 145 1875 Hinc
158 1830 287 1876 caussas
301 1806 449 1875 habuere
465 1830 473 1873 :
488 1806 570 1899 quid
584 1803 640 1874 illo
654 1806 728 1875 cive
743 1791 873 1875 tulisset
926 1831 929 1838 ’

70 1918 184 1985 Natura
197 1917 231 1986 in
248 1916 362 2000 terris,
381 1916 465 2010 quid
480 1920 588 1985 Roma
603 1916 732 1985 beatius
745 1938 912 2009 unquam,

69 2026 97 2093 Si
111 2026 335 2095 cucumducto
356 2025 565 2120 captivorum
581 2027 733 2120 agmine,
752 2040 787 2093 et
799 2024 893 2093 omni
1076 2042 1128 2097 280

69 2132 224 2203 Bellomm
238 2158 380 2229 pompa,
393 2136 539 2203 animam
553 2134 738 2203 exhalasset
750 2134 916 2228 opimam,

68 2242 168 2331 Quum
179 2243 221 2313 de
232 2244 422 2312 Teutonico
432 2238 532 2311 vellet
544 2242 745 2313 descendere
759 2240 884 2312 curru?

68 2460 182 2505 remeret
194 2466 341 2517 eversam,
356 2448 512 2521 Asiamque
528 2464 642 2504 omnem
663 2452 834 2505 Graecorum
848 2444 927 2501 ferro
943 2442 1123 2520 flammisque

67 2541 211 2597 vastatam?
223 2544 307 2597 Tunc
319 2540 378 2615 ipse
390 2540 448 2613 jam
461 2538 541 2596 senio
553 2550 678 2596 tremens
691 2540 784 2609 miles,
796 2538 931 2612 deposito
945 2538 1124 2608 diademate,

68 2652 133 2689 arma
143 2634 250 2703 induit,
261 2644 423 2706 atqueunte
433 2632 549 2689 maxiani
558 2632 639 2687 Jovis
649 2650 728 2686 aram
740 2629 1020 2700 confossmcecidit,
1034 2631 1124 2689 instar

68 2728 155 2783 annosi
164 2726 257 2794 boris,
270 2726 321 2801 qni
331 2726 368 2780 ab
376 2734 474 2781 aratro
483 2734 604 2799 propter
614 2733 792 2779 senectutem
803 2732 945 2791 remotus,
957 2721 1124 2779 imnrolatar

67 2818 165 2893 ingrato
182 2818 333 2894 agricolae,
353 2816 453 2889 etjam
473 2826 655 2888 contemptus
672 2826 758 2869 tenue
776 2832 809 2867 ac
832 2812 994 2869 miserabile
1015 2816 1123 2871 collum

67 2908 161 2966 domini
173 2912 269 2966 cultro
284 2908 409 2981 subiicit.
427 2911 465 2963 At
480 2906 525 2962 itta
543 2924 638 2974 mors,
654 2906 722 2961 licet
735 2905 923 2975 miserabilis,
940 2917 1035 2963 tamen
1048 2907 1124 2982 ejus-

67 3003 133 3058 modi
144 3015 185 3059 est
196 3022 286 3077 quem
296 3000 421 3055 bominis
434 3010 536 3054 natura
552 3018 610 3053 non
625 3009 756 3071 respuat3
769 3014 871 3053 verum
882 2997 943 3070 ejus
960 3016 1044 3067 uuor,
1057 3018 1122 3074 quo

68 3106 121 3167 post
134 3096 213 3151 illum
228 3104 270 3149 est
284 3102 410 3159 mortua,
424 3090 572 3167 indignam
583 3089 702 3145 bomine
715 3100 839 3145 mortem
850 3089 941 3160 obiit,
953 3089 983 3145 iu
994 3090 1120 3147 belluam

67 3196 163 3242 torvam
177 3202 332 3251 conversa,
346 3193 374 3239 et
392 3200 492 3237 cauum
510 3200 592 3237 more
605 3182 721 3238 latrans.

98 3280 157 3349 ²73·
176 3278 304 3344 Omitto,
322 3286 354 3331 ut
367 3276 450 3331 citius
461 3275 499 3331 ad
513 3275 714 3330 Romanorum
730 3274 861 3347 exempla
877 3272 1011 3345 veniam,
1022 3293 1122 3349 regern

66 3371 137 3427 Ponti
148 3371 358 3439 Mithridatem
370 3369 474 3425 omitto
485 3370 627 3435 Croesum,
641 3384 727 3443 quem
740 3368 832 3423 Solon
841 3366 962 3422 facunde
971 3385 1004 3420 nc
1013 3367 1122 3439 sapien·

66 3472 102 3517 ter
109 3463 255 3520 admonuit
264 3460 488 3537 exspectandum
494 3458 697 3516 esseultimum
707 3458 775 3513 vitae
784 3458 870 3525 diem,
880 3466 914 3512 ut
923 3457 1028 3530 aliquis
1037 3457 1120 3514 beate

65 3554 154 3612 vixisse
165 3566 229 3612 tuto
240 3554 488 3631 pronuntiaretur.
500 3554 585 3607 Certe
594 3562 725 3607 senectus
734 3551 764 3605 in
773 3568 857 3608 eausa
868 3549 938 3615 mit,
949 3565 1002 3603 cur
1010 3548 1121 3606 Marius

64 3647 138 3702 exilio
152 3649 304 3717 multatus,
322 3644 466 3719 conjectus
477 3646 507 3701 in
520 3662 681 3714 carcerem,
694 3654 809 3699 coaetus
824 3641 991 3698 delitescere
1000 3642 1030 3697 in
1045 3643 1121 3699 Min-

65 3742 179 3797 tnmensi
193 3740 313 3815 palude,
331 3740 368 3795 ad
388 3750 546 3795 extremum
566 3738 596 3793 in
613 3738 670 3812 ipsa
691 3756 778 3811 quam
796 3736 916 3802 vicerat,
931 3736 1119 3812 Cartbagine,

65 3850 203 3907 corrogare
214 3831 317 3907 stipem
337 3830 462 3886 ostiatim
477 3848 510 3885 ac
526 3848 628 3904 punem
641 3841 757 3885 coactus
773 3828 809 3883 sit
820 3849 827 3884 ε
838 3828 909 3903 qnid
920 3827 970 3884 illo
982 3829 1121 3886 fortuna·
1141 3808 1153 3833 ⁰

65 3921 113 3978 tius
122 3924 180 3981 cire
192 3922 377 3998 produxisset
392 3938 520 3996 unquam
535 3920 564 3975 in
581 3920 666 3977 terris
680 3930 708 3975 et
726 3930 829 3974 natura
846 3929 874 3976 et
887 3921 995 3989 Ronra,
1011 3921 1035 3976 si
1053 3932 1121 3995 post

66 4018 233 4089 captivorum
254 4016 369 4071 turbam
389 4033 442 4089 per
460 4015 540 4071 vicos
557 4014 637 4069 urbis
657 4012 836 4081 traductam,
854 4024 920 4087 post
939 4013 1121 4085 triumphum

66 4104 157 4184 insigni
171 4128 274 4184 pompa
285 4119 446 4183 peractum.
463 4126 499 4163 ex
510 4107 561 4163 illu
575 4126 664 4164 curru
676 4106 867 4175 descendens,
879 4107 911 4161 in
924 4125 984 4180 qno
996 4105 1033 4161 de
1043 4106 1121 4158 Teu-

940 4217 970 4257 a.
