2784 4917
299 374 479 441 sartura
501 378 695 443 DECIMA
718 379 931 462 Quanta.
1090 387 1152 475 317

90 488 125 555 ln
142 485 254 583 pelago
273 514 281 555 ε
300 492 415 560 veniet
433 490 558 581 classis,
581 518 798 589 quocumque
812 501 942 568 vocarit

86 600 160 691 Spes
175 596 275 685 lucri,
293 624 357 668 nec
373 603 596 697 Carpathium
615 604 815 701 Gaetulaque
832 622 963 678 tantum

88 708 226 801 AEquora
241 707 425 799 transiliet3
444 712 519 799 scd,
539 710 639 809 longe
655 712 762 808 Calpe
776 715 909 806 rehem,

85 816 200 887 Audiet
211 816 381 889 Herculeo
395 822 590 893 stridentem
605 824 739 920 gurgite
752 825 868 897 solem.
1103 846 1154 898 (8ο

85 926 212 997 Grande
230 954 343 1023 operae
361 932 507 1026 pretium
525 947 591 1019 est,
610 949 649 1005 ut
666 949 760 1005 tenso
777 936 857 1006 solle
871 941 997 1009 reverti

85 1036 159 1105 Inde
172 1038 311 1108 domum
325 1040 450 1133 possis,
470 1042 666 1137 tumidaque
683 1046 846 1141 superbus
860 1045 969 1136 aluta,

84 1148 200 1218 Oceani
218 1164 389 1240 monstra,
408 1166 442 1221 et
451 1151 597 1246 juvenes
610 1153 731 1223 vidisse
745 1156 907 1229 marinos.

127 1259 203 1328 Non
221 1284 312 1331 unus
328 1276 456 1332 mentes
472 1263 578 1360 agitat
592 1263 712 1334 furor:
730 1263 786 1335 ille
798 1268 925 1338 sororis

85 1369 120 1435 ln
136 1370 290 1441 manibus
304 1370 400 1443 vultu
412 1374 640 1445 Eumenidum
655 1390 802 1447 terretur
815 1392 850 1446 et
861 1378 951 1473 igni:
1101 1393 1152 1447 285

85 1480 143 1549 Hic
156 1480 242 1551 hove
259 1508 419 1577 percusso
434 1487 567 1581 mugire
578 1488 840 1582 'Agamemnona
858 1488 985 1577 credit,

85 1588 145 1657 hut
156 1590 311 1661 Ithacum
325 1618 333 1661 :
348 1608 465 1689 parcat
479 1595 601 1665 tunicis
614 1593 693 1666 licet
706 1613 810 1691 atque
822 1595 981 1686 lacernis,

85 1699 251 1771 Curatoris
263 1718 355 1798 eget,
370 1704 430 1800 qui
445 1730 564 1775 navem
579 1708 748 1779 mercibus
762 1708 879 1804 implet

85 1808 130 1877 dd
144 1828 311 1883 summum
327 1812 433 1904 latus,
455 1832 488 1885 et
504 1816 619 1887 tabula
635 1817 854 1915 distinguitur
871 1817 981 1906 unda;

13 1952 14 1967 ¹
85 1918 189 2007 Quum
201 1938 245 2015 srt
260 1948 375 1995 caussa
387 1924 465 1995 mali
478 1927 563 1997 tanti
578 1943 612 1997 et
624 1927 827 1998 discriminis
842 1929 944 2023 hujus
1100 1967 1152 2017 ²90

85 2030 257 2101 Coaoisum
274 2049 451 2129 argentum
465 2035 501 2104 in
514 2035 630 2107 titulos
642 2036 811 2131 faciesque
824 2038 980 2107 minutas.

127 2142 319 2214 Occurrunt
335 2144 443 2215 nubes
461 2158 495 2213 et
511 2142 665 2239 ledgina:
683 2144 836 2217 «Solvite
853 2144 987 2235 funem,

85 2251 109 2316 F
111 2253 250 2322 rumenti
266 2252 423 2323 dominus
438 2250 558 2322 clamat
573 2252 764 2348 piperisque
777 2256 920 2342 coemti;

84 2505 262 2582 Carpathium
276 2518 326 2563 aut
337 2506 506 2566 Africanum
524 2508 677 2582 pervolant
690 2524 787 2579 mure,
801 2508 853 2565 sed
868 2517 947 2563 trans
963 2506 1048 2565 etiam
1064 2527 1151 2567 moa-

82 2611 134 2655 tem
147 2600 249 2676 Calpes
262 2611 434 2677 penetrant,
448 2600 589 2657 auditurae
608 2599 765 2657 stridorem
783 2600 852 2656 solis
870 2618 988 2657 currum
1005 2599 1149 2658 Gaditano

83 2693 148 2749 mari
158 2694 323 2770 mergentia
334 2694 453 2751 Scilicet
467 2692 603 2749 omnibus
616 2691 849 2768 operaepretium
860 2701 903 2748 est
918 2691 1028 2749 Oceani
1040 2692 1151 2751 belluas

82 2794 108 2840 et
119 2784 254 2842 Tritones
262 2784 385 2855 vidisse,
397 2784 477 2843 unde
488 2784 610 2843 domurn
618 2784 740 2842 redeant
748 2783 896 2860 marsupio
906 2784 1002 2841 numia
1012 2784 1149 2858 distento,

82 2892 110 2932 ac
120 2875 209 2934 divite
220 2876 318 2953 praeda
326 2877 453 2951 superbi.

117 2968 184 3037 (84.
206 2969 345 3027 Homines
362 2968 411 3026 alii
428 2969 483 3027 alia
499 2968 634 3026 laborant
655 2968 772 3025 mamm
795 2970 846 3027 Est
863 2969 915 3045 qui
930 2968 1011 3025 taedis
1030 2982 1151 3028 armatas

82 3074 107 3121 et
119 3063 245 3120 minares
258 3061 359 3120 Furias
372 3062 473 3121 videre
484 3062 540 3120 sibi
551 3062 684 3119 videatur
695 3060 727 3119 in
741 3061 851 3120 sororis
864 3062 1061 3119 amantissimae
1072 3082 1151 3121 com·

82 3156 182 3230 plexu3
198 3165 242 3213 eat
255 3156 324 3230 qni,
344 3154 415 3213 dum
426 3156 517 3213 boves
533 3166 563 3212 ct
577 3152 704 3229 pecudes
716 3152 835 3232 flagellis
849 3155 948 3226 caedit,
971 3167 1055 3231 putet
1069 3176 1099 3215 se
1119 3158 1151 3213 in

81 3250 324 3325 Agamemnonem
334 3247 446 3319 saevire,
458 3249 660 3323 autUlyssem.
676 3246 816 3316 Quamvis
829 3266 932 3304 avarus
943 3257 1035 3305 vestes
1047 3247 1151 3304 furiosi

82 3360 160 3401 more
177 3360 240 3399 non
258 3340 422 3413 discindat,
443 3360 505 3399 non
523 3342 619 3399 minus
633 3352 730 3397 tamen
747 3351 881 3398 curatore
901 3339 999 3413 aliquo
1021 3339 1149 3415 indiget,

80 3454 163 3509 quan
176 3434 231 3511 qni
243 3436 339 3509 palam
353 3434 517 3503 inuniunt,
538 3433 610 3491 dum
623 3432 768 3490 mercibus
785 3444 877 3489 ratem
891 3431 994 3507 implet
1010 3432 1151 3506 usquead

80 3538 218 3588 extrem
232 3524 293 3601 ejus
309 3544 394 3597 oras,
412 3536 442 3583 et
459 3524 546 3581 nnius
558 3524 660 3583 asseris
667 3566 679 3595 ‚
700 3544 762 3600 quo
774 3535 922 3600 compacta
932 3522 1084 3594 mariscot,
1104 3524 1151 3581 in-

80 3619 217 3689 tervallo,
239 3638 257 3674 a
274 3618 348 3675 mari
368 3628 398 3675 ct
418 3628 515 3675 morte
535 3628 703 3692 separatum
728 3634 819 3691 quum
836 3615 874 3671 ad
894 3624 954 3670 tarn
968 3614 1083 3672 exitiale
1098 3635 1152 3692 pe-

79 3710 202 3768 rieulum
217 3709 383 3767 adeundum
397 3726 459 3767 non
476 3708 531 3765 alia
544 3707 711 3784 impellatur
724 3726 835 3779 musea,
853 3724 943 3783 qnam
956 3716 992 3763 ut
1006 3706 1150 3784 signatum

79 3802 168 3859 titulis
181 3802 368 3879 vultibusque
383 3800 502 3859 minutis
519 3812 672 3878 argentum
686 3801 719 3857 in
734 3802 847 3857 loculos
859 3795 1002 3857 demittat.

118 3912 184 3970 ²9²·
207 3894 329 3970 Cogitur
340 3896 371 3951 in
384 3894 491 3952 nubem
504 3914 555 3952 aer
566 3893 719 3966 turbidus,
732 3894 857 3951 emicant
869 3893 1003 3971 fulgura:
1017 3892 1152 3951 inclamat

79 3986 265 4044 nihilominus
286 3998 566 4057 mercamentum,
591 3998 625 4043 ut
648 3997 783 4043 onustam
803 3984 901 4043 tritico
924 3994 955 4041 et
973 3983 1074 4059 pipere
1099 3979 1152 4040 suo

79 4076 173 4135 navim
186 4088 320 4154 opertu,
334 4080 431 4136 soluto
445 4077 531 4149 fune,
550 4078 715 4155 provehant
725 4078 758 4135 in
770 4076 861 4134 altum
875 4098 883 4132 ε
900 4077 945 4133 Ν(
959 4094 1026 4142 vos,
1043 4074 1151 4147 inquit,

79 4182 141 4231 atra
149 4172 211 4235 culi
221 4171 317 4247 facies,
328 4183 379 4231 aut
388 4171 480 4235 nubes
488 4170 601 4245 uvtdae,
614 4190 677 4249 quae
689 4171 790 4233 calum
799 4170 891 4229 instar
903 4167 995 4227 lasne
1005 4166 1152 4239 ambiunt,
