2784 4917
64 353 1075 398 mmmmm-‘mmmm

56 635 345 756 strunt
374 641 1092 795 DECIMATERTIA.

58 1141 213 1244 limum
228 1173 470 1268 quodcumque
486 1173 575 1243 malo
592 1178 824 1266 committitur,
841 1182 905 1274 ipsi

60 1282 194 1374 Displicet
209 1283 364 1352 auctori:
384 1284 492 1376 prima
506 1296 557 1351 est
568 1283 641 1351 haec
653 1279 754 1367 ultio,
772 1287 863 1378 quod
879 1314 914 1358 se

61 1390 151 1460 indice
165 1417 263 1460 nemo
277 1415 407 1459 nocens
425 1388 622 1477 absolvitur,
641 1391 796 1482 improba
811 1399 962 1487 quamvis

62 1503 152 1570 Gratia
167 1501 272 1572 fallaci
292 1502 445 1596 praetoris
464 1501 584 1569 vicerit
601 1523 698 1569 urna.
902 1583 904 1590 p

65 1609 131 1695 Quid
141 1610 258 1680 sentire
272 1625 371 1705 putas
384 1633 516 1692 omnes,
530 1605 686 1695 Calvine,
702 1613 831 1680 recenti

65 1717 102 1785 lle
112 1718 221 1789 scelere
238 1734 272 1788 et
286 1719 367 1788 fidei
381 1715 512 1784 violatae
526 1714 688 1784 crimine?
701 1715 758 1784 sed
772 1743 836 1788 nec

67 1829 126 1898 Tun
138 1833 238 1900 tennis
252 1853 374 1900 census
388 1827 450 1896 tibi
465 1827 623 1920 contigit,
640 1842 678 1895 ut
691 1828 871 1900 mediocris

66 1938 178 2006 iacturae
193 1953 224 2007 te
239 1952 370 2033 mergat
387 1960 489 2022 onus;
507 1960 570 2004 nec
585 1960 662 2005 rara
675 1938 844 2027 videmus,

68 2044 129 2130 Qu
144 2049 277 2141 pateris:
296 2071 393 2116 casus
407 2042 521 2114 multis
535 2045 592 2113 hic
610 2047 785 2140 cognitus,
800 2073 839 2120 ac
852 2049 921 2142 jam

68 2157 166 2244 trtius,
179 2176 211 2229 et
223 2186 241 2230 e
253 2160 367 2229 medio
385 2161 542 2226 Fortunae
558 2155 678 2226 ductus
695 2182 827 2230 acervo.

70 2265 202 2338 Ponamus
216 2271 338 2339 nimios
351 2268 515 2362 gemitus:
535 2265 731 2360 flagrantior
743 2293 839 2362 aequo

72 2373 131 2442 Non
146 2376 236 2448 debet
252 2377 353 2447 dolor
365 2400 435 2446 esse
449 2375 528 2461 viri,
545 2400 608 2444 nec
621 2374 761 2446 vulnere
774 2378 892 2471 major.

71 2481 108 2549 Tu
118 2489 252 2576 quamvis
265 2485 393 2556 levium
408 2484 583 2554 minimam
598 2487 819 2580 exiguamque
833 2485 997 2557 malorum

232 2677 345 2716 mm
367 2675 488 2714 1⁸10!ss
509 2674 627 2714 mm
648 2673 906 2715 annuarum.

104 2783 123 2822 1.
140 2770 283 2848 Quidquid
295 2783 397 2829 eontra
413 2773 490 2850 leges
508 2772 584 2829 etin
602 2774 710 2830 malum
729 2776 891 2850 exemplum
905 2779 1105 2854 committitur,

73 2852 387 2937 illuminationis
405 2876 463 2935 est,
485 2864 668 2921 doloremne
686 2866 829 2940 pudorem
848 2869 961 2925 incutit.
979 2873 1108 2929 Primum

73 2943 113 3003 loc
127 2955 285 3029 supplicium
302 2957 341 3014 ob
361 2975 412 3013 sua
429 2953 536 3033 flagitia
556 2957 720 3031 rependunt
737 2961 884 3025 scelerati.
908 2971 942 3017 ut
960 2965 1034 3020 nulli
1054 2985 1107 3023 suo

73 3034 172 3108 ipsum
181 3047 289 3120 jndicio
301 3060 331 3105 et
344 3048 518 3106 conscientia
529 3067 591 3105 non
606 3050 852 3121 condemnentur,
869 3051 936 3108 lieet
946 3052 1046 3128 iniqua
1061 3056 1109 3128 ju-

74 3127 125 3188 dlt'ss
136 3141 264 3198 sententia
275 3154 306 3199 et
316 3142 447 3217 corrupti
461 3140 590 3218 suffragii
599 3161 672 3198 urna
681 3143 739 3198 sint
751 3143 884 3200 absoluti.
899 3145 985 3200 Itium
997 3156 1107 3218 autem,

74 3223 111 3292 (lul
119 3227 262 3304 depositam
271 3233 351 3309 apud
359 3253 389 3292 se
397 3233 565 3308 pecuniam,
575 3244 603 3290 et
612 3252 671 3289 snae
681 3233 774 3290 fideia
787 3245 830 3304 te,
842 3235 977 3304 Calvine,
990 3255 1109 3293 conere-

73 3310 141 3374 ffilffl
154 3340 202 3396 per
219 3325 373 3383 immanem
392 3323 543 3401 perfidiam
561 3344 656 3399 nuper
672 3324 833 3398 abjuravit,
854 3343 952 3381 nonne
972 3325 1053 3381 vides
1072 3329 1108 3383 ab

74 3410 179 3470 ⁰¹¹111ihns
190 3417 272 3474 eiiam
285 3418 491 3484 condemnari,
504 3429 641 3493 tanquam
651 3416 802 3491 perjurum
813 3426 842 3472 et
851 3415 990 3489 impium?
1004 3417 1106 3492 Neque

74 3515 127 3559 'tto
148 3520 186 3564 est
205 3512 276 3570 adeo
301 3513 356 3569 tibi
376 3523 496 3588 augusta
517 3531 563 3568 res
587 3509 755 3579 familiaris,
778 3520 811 3564 ut
832 3509 888 3564 leri
908 3508 969 3582 ejus
992 3512 1106 3586 generis

73 3585 158 3658 jactura
168 3600 326 3680 damnoque
338 3621 430 3678 parvo
439 3604 477 3660 sis
493 3603 532 3660 ad
544 3613 697 3680 egestatem
710 3599 901 3675 redigendus:
912 3619 1006 3676 neque
1017 3603 1109 3661 inl're-

76 3695 146 3751 quens
164 3690 231 3750 illud
252 3696 444 3752 infortunium
466 3707 548 3751 tuum
565 3704 625 3762 est,
647 3691 699 3749 sed
722 3692 820 3748 multis
839 3691 956 3749 evenire
975 3695 1111 3770 solitum,

77 3787 100 3825 ⁸⁶
114 3795 276 3857 omptume
294 3784 394 3846 medio
413 3787 506 3843 veluti
527 3803 634 3842 acervo
652 3783 861 3855 calamitatum,
883 3785 988 3860 quibus
1007 3807 1112 3846 vexare

76 3873 188 3930 ¹¹¹‘tricies
207 3879 335 3951 qnotidie
358 3882 488 3936 Fortuna
514 3879 596 3935 solet.
617 3877 719 3950 ltaque
741 3877 803 3933 noli
826 3878 891 3952 plus
909 3897 992 3955 aquo
1014 3880 1113 3938 indul·
1147 3873 1151 3881 ¹

80 3969 131 4026 8²¹²
147 3970 271 4040 norom
288 3973 376 4029 homo
395 3970 492 4049 gravis
510 3979 539 4028 et
552 3979 686 4027 constans
702 3967 786 4042 dejici
803 3970 906 4028 dolore
925 3991 986 4029 non
1009 3971 1115 4042 debet,

79 4058 118 4104 rec
128 4057 323 4208 replementius,
337 4083 423 4141 quam
433 4081 479 4122 res
492 4061 552 4142 ipsa
566 4072 686 4142 poseat„
698 4059 837 4126 afflictari.
853 4063 963 4122 Pudeat
962 4074 1004 4216 6te
1009 4101 1019 4140 ‚
1034 4063 1112 4142 quod

185 4191 193 4209 .
944 4176 957 4216 1
