2784 4917
264 448 306 511 7²
345 428 387 492 D.
408 428 537 493 tutin
557 428 823 493 IUVENALIS
847 428 1024 493 sartan
1046 429 1249 495 DECIMA.

262 544 350 611 Nam
368 568 430 637 pro
445 544 604 637 jucundis
625 544 794 637 aptissima
811 570 952 639 quaeque
968 544 1099 613 dabunt
1114 544 1171 613 di:

261 652 380 720 Carior
393 666 441 721 est
457 652 519 721 illis
535 654 655 738 homo,
672 676 771 746 quam
787 653 858 722 sibi.
877 656 949 723 Nos
964 653 1158 722 animorum
1282 665 1329 719 ³50

260 758 428 851 lmpulsu‚
446 775 479 828 et
494 785 580 829 caeca
596 784 784 853 magnaque
799 760 960 855 cupidine
976 760 1071 830 ducti
1304 757 1308 762 ⁴

258 869 463 963 ,Conjugium
480 870 638 966 petimus,
656 884 858 963 partumque
877 874 1016 941 uxoris:
1039 886 1074 940 at
1092 868 1156 939 illis

259 977 405 1063 Notum,
425 978 482 1070 qui
500 978 614 1071 pueri,
635 977 807 1072 qualisque
823 980 938 1050 sutura
956 982 999 1050 sit
1016 1004 1110 1050 uxor.

259 1086 308 1154 Ut
321 1101 431 1155 tamen
443 1102 477 1155 et
488 1112 603 1181 poscas
615 1086 758 1181 aliquid,
772 1112 960 1183 voveasque
974 1088 1103 1175 sacellis

260 1199 344 1264 Exta
357 1211 388 1263 et
405 1194 574 1265 candiduli
590 1197 703 1266 divina
716 1196 884 1267 tomacula
899 1199 1016 1291 porci,
1087 1262 1090 1265 ,
1281 1207 1326 1259 355

261 1304 436 1379 Orantlum
452 1319 519 1388 est,
534 1321 572 1374 ut
585 1305 626 1373 sit
639 1330 734 1374 mens
748 1330 828 1375 sana
841 1308 876 1374 in
891 1332 1035 1401 corporo
1049 1330 1140 1374 sano.

260 1414 396 1481 Fortem
412 1438 511 1507 posce
525 1415 692 1501 animum,
708 1417 826 1484 mortis
843 1431 973 1485 terrore
991 1429 1182 1500 carentem,

260 1520 329 1609 Qui
343 1524 486 1617 spatium
499 1525 575 1593 vitae
588 1538 775 1597 extremum
789 1524 877 1593 inter
894 1549 1035 1593 munera
1052 1538 1157 1617 ponat

260 1633 414 1720 Nuturae,
430 1632 488 1726 qui
501 1633 591 1703 ferre
606 1648 708 1727 queat
721 1658 950 1727 quoscumque
963 1633 1111 1719 labores,

261 1740 400 1809 Nesciat
416 1742 531 1827 irasci,
547 1741 660 1835 cupiat
674 1740 775 1825 nihil,
790 1756 825 1811 et
837 1743 985 1837 potiores
1278 1756 1326 1808 teo

259 1848 412 1920 Herculis
427 1874 590 1921 aerumnas
602 1852 717 1920 credat
729 1838 901 1946 serosque
915 1850 1061 1937 labores,
1098 1919 1103 1931 ,
1235 1854 1243 1865 ‘

259 1964 304 2029 Et
315 1964 461 2049 Venere,
475 1978 509 2031 et
527 1962 646 2047 coenis,
656 1977 689 2031 et
704 1962 818 2055 pluma
831 1961 1059 2055 Sardanapali.

260 2072 430 2152 Monstro,
446 2070 537 2165 quod
556 2071 628 2163 ipse
644 2071 703 2138 tibi
718 2071 825 2164 possis
840 2071 939 2140 dare:
954 2071 1070 2141 semita
1084 2085 1172 2139 certe

260 2179 463 2275 Tranquillae
478 2206 538 2274 per
554 2180 713 2251 virtutem
731 2196 824 2276 patet
836 2182 934 2250 unica
948 2182 1036 2250 vitre.

260 2288 400 2359 Nullum
419 2313 544 2357 numen
564 2288 684 2376 babes,
703 2293 729 2359 si
747 2293 788 2360 sit
808 2291 1003 2385 prudentia,
1017 2313 1079 2358 nos
1095 2303 1128 2356 te
1277 2298 1322 2355 365

260 2401 333 2468 Nos
349 2398 506 2483 facimus,
522 2402 689 2488 Fortuna,
706 2401 818 2488 deam,
834 2401 982 2495 caeloque
998 2399 1156 2469 locamus.

261 2594 368 2669 quippe
383 2594 487 2669 quibus
501 2596 641 2664 cariores,
656 2614 743 2671 quam
756 2596 842 2652 uobis
852 2592 922 2669 ipsi,
936 2595 1034 2651 simus.
1045 2594 1107 2649 Nos
1118 2608 1195 2647 ceco
1211 2600 1241 2644 et
1255 2606 1325 2663 pra-

259 2684 339 2759 cipiti
351 2687 476 2760 quodam
488 2689 651 2745 animorum
660 2689 771 2763 impetu
781 2698 810 2745 et
821 2685 977 2761 cupiditate
987 2684 1102 2761 impulsi
1111 2679 1324 2738 matrimonium

258 2777 435 2849 expetimus,
455 2790 484 2834 et
504 2781 635 2856 conjugis
656 2793 771 2857 parturn
786 2802 793 2836 ε
811 2790 841 2835 at
861 2787 972 2834 norunt
989 2775 1111 2850 Superi,
1129 2772 1225 2847 qualis
1238 2786 1322 2835 uxor,
1381 2779 1382 2794 ¹

260 2866 352 2940 qualis
365 2864 440 2922 filius
458 2868 571 2925 futurus
586 2870 632 2925 sit.
649 2876 784 2928 Attamen
805 2880 838 2926 ut
857 2888 957 2945 poscas
972 2866 1103 2941 aliquid,
1124 2875 1153 2921 et
1167 2875 1202 2920 ut
1218 2860 1323 2935 templis

259 2958 367 3015 viscera
382 2961 581 3035 tomaculaque
594 2962 692 3018 divina
703 2961 850 3018 candiduli
861 2959 981 3035 porcelli
994 2976 1114 3027 voveas,
1124 2956 1282 3031 petenthm
1290 2950 1323 3005 ab

258 3048 315 3105 illis
329 3050 385 3104 boe
401 3068 508 3117 unum,
525 3062 557 3106 nt
573 3062 670 3107 mente
686 3070 752 3107 sana
770 3050 898 3106 simulet
914 3068 984 3105 sano
998 3066 1123 3123 corpore
1138 3048 1199 3104 sis:
1216 3043 1323 3121 postula

258 3140 460 3197 fortitudinem
476 3151 505 3196 et
525 3142 618 3197 robur
632 3142 737 3211 animi,
754 3143 804 3217 qui
817 3143 899 3199 nullo
912 3141 1015 3199 mortis
1031 3151 1111 3197 metu
1124 3140 1319 3215 perturbetun

258 3232 310 3307 qni
323 3232 389 3288 rite
404 3243 515 3307 tempus
533 3231 669 3290 ultimum
684 3234 762 3290 inter
775 3244 885 3290 natura
898 3232 1035 3291 beneficia
1051 3242 1202 3302 numeret3
1220 3231 1270 3306 qui
1284 3230 1322 3283 fe-

258 3324 357 3381 rendis
369 3324 597 3399 quibuscumque
614 3325 763 3383 laboribus
776 3346 846 3401 par3
863 3328 913 3402 qui
927 3339 1031 3401 potens
1047 3325 1203 3382 iracundiae
1219 3320 1321 3399 eupidi-

198 3480 201 3489 ¹
259 3416 382 3491 tutisque
392 3416 444 3486 ait;
457 3415 508 3490 qui
521 3415 652 3473 Herculis
663 3436 803 3473 aerumnas
813 3420 995 3493 laboresque,
1006 3416 1215 3492 voluptatibus,
1227 3412 1321 3490 epulis,

259 3519 288 3566 et
297 3509 432 3570 mollibus
444 3508 628 3583 Sardanapali
637 3510 733 3566 stratis
744 3521 908 3585 anteponat.
920 3513 1020 3567 Docco
1032 3521 1060 3565 te
1073 3508 1238 3565 felicitatem
1248 3504 1321 3578 cujus

259 3610 292 3655 tu
312 3600 415 3657 artifex
437 3599 491 3655 tibi
511 3618 571 3656 esse
589 3600 697 3675 possis:
713 3601 797 3657 unica
816 3603 891 3658 ratio
914 3600 1098 3658 traducendae
1119 3619 1172 3675 per
1189 3612 1321 3657 summam

260 3688 496 3763 tranquillitatem
517 3690 583 3746 vitae
602 3701 644 3747 cst
661 3691 760 3751 virtus.
781 3694 808 3747 0
829 3694 974 3762 Fortuna,
993 3693 1101 3747 nullam
1119 3690 1179 3745 viru
1199 3689 1319 3745 divinam

259 3780 363 3849 habes,
380 3782 404 3835 si
423 3800 556 3857 regamur
569 3784 739 3858 prudentia,
760 3801 813 3839 uos
830 3793 859 3839 to
873 3786 964 3841 Deam
980 3784 1116 3853 lacimus3
1131 3802 1185 3839 nos
1204 3794 1233 3839 tc
1251 3781 1321 3835 inter

260 3890 379 3949 superos
392 3875 573 3931 collocamus.

547 4166 1047 4204 κψ--οοοοο-»ψ-
