2784 4917
324 290 343 335 t

361 424 552 491 sarran
576 426 782 491 oncrum.
1062 452 1101 514 γι
1194 458 1207 469 .

62 540 222 610 llessalinae
235 540 342 611 oculis
359 568 365 611 :
382 542 511 611 dudum
527 542 619 612 sedet
639 541 694 609 illa
713 557 829 637 parato

61 649 255 739 flammeolo,
271 654 460 747 Tyriusque
476 652 586 746 palam
602 652 740 747 genialis
756 656 790 722 in
803 654 910 725 hortis

61 761 219 849 Sternitur,
233 778 266 831 et
278 765 346 833 ritu
361 763 470 833 decies
483 779 624 833 centena
640 762 813 833 dabuntur
1056 780 1106 835 335

61 873 202 967 Antiquo;
217 873 330 942 veniet
342 898 419 943 cum
432 874 659 967 signatoribus
672 898 806 967 auspex.

61 984 124 1052 Hac
134 999 167 1053 tu
179 999 326 1070 secreta,
339 999 374 1053 et
386 985 500 1078 paucis
513 982 688 1055 commissa
702 980 864 1076 putabas}¹

65 1093 140 1177 Non,
152 1095 215 1163 nisi
230 1092 395 1189 legitime,
414 1092 487 1164 vult
502 1094 650 1163 nubere:
667 1092 753 1187 quid
766 1092 917 1187 placeat,
936 1092 1012 1178 dic;

64 1202 99 1269 Ni
108 1228 214 1295 parere
229 1202 326 1291 velis,
340 1204 554 1299 pereundum
569 1205 634 1273 erit
646 1219 726 1272 ante.
741 1202 894 1273 lucernas
910 1229 917 1270 :

62 1310 89 1376 Si
102 1310 196 1381 scelus
214 1313 390 1399 admittas,
405 1314 539 1384 dabitur
554 1338 648 1383 mora
662 1313 818 1408 parvula,
834 1314 916 1383 dum
930 1338 982 1382 res
1057 1329 1110 1390 tto

64 1422 134 1488 Nota
144 1424 226 1493 Urbi
239 1438 273 1493 et
285 1422 413 1518 populo
428 1424 605 1518 contingat
617 1423 779 1519 principis
790 1448 898 1492 aures.

63 1530 192 1601 Dedecus
206 1532 262 1601 ille
277 1532 398 1603 domus
412 1534 495 1603 sciet
509 1530 668 1602 ultimus:
684 1533 811 1600 interea
823 1546 861 1599 tu

63 1640 237 1736 Obsequere
251 1643 415 1737 imperio,
430 1644 473 1711 sit
486 1642 572 1710 tanti
587 1642 656 1709 vita
671 1641 802 1709 dierum

65 1750 251 1820 Paucorum:
268 1752 433 1846 quidquid
451 1748 567 1821 melius
584 1748 756 1845 leviusque
774 1750 917 1845 putaris,

65 1862 223 1935 Prabenda
235 1880 291 1953 est
299 1864 408 1959 gladio
423 1862 564 1959 pulchra
573 1864 643 1933 haec
656 1879 692 1933 et
706 1862 851 1933 candida
865 1862 987 1932 cervix.
1063 1874 1113 1939 345

101 2012 143 2025 —
155 1974 210 2043 Nil
224 2000 306 2068 ergo
319 1975 484 2068 optabunt
497 1972 673 2060 homines?
686 2014 734 2025 -
748 1973 783 2041 Si
797 1970 976 2041 consilium
990 1970 1055 2055 vis,

65 2081 221 2153 Permittcs
235 2086 315 2179 ipsis
327 2085 512 2178 expendere
527 2085 738 2170 numinibus,
753 2083 838 2178 quid

64 2190 235 2261 Conveniat
249 2194 362 2281 nobis,
380 2194 544 2288 rebusque
559 2195 601 2263 sit
614 2192 694 2265 utile
706 2194 840 2262 nostris.

64 2416 148 2477 uatus,
158 2408 311 2485 abripitur,
324 2412 399 2467 utin
415 2424 572 2487 conspectu
583 2412 742 2469 Messalina
754 2411 916 2489 juguletur,
933 2409 957 2466 si
969 2408 1031 2482 ejus
1042 2425 1120 2481 nup·

64 2497 105 2553 tias
118 2512 235 2575 respuat.
253 2504 405 2577 Exspectat
421 2504 503 2561 illum
517 2524 625 2579 procax
642 2506 757 2571 mulier,
770 2501 893 2578 nuptiali
906 2512 986 2556 veste
1001 2500 1118 2569 induta,

64 2604 166 2663 paratur
178 2594 207 2651 in
220 2596 315 2653 bortis
331 2597 447 2671 publice
463 2618 626 2673 purpureus
642 2599 748 2665 lectus,
762 2596 880 2673 praesidi
891 2595 1058 2670 nuptiarum
1069 2612 1121 2670 ge·

64 2683 105 2739 uio
118 2705 207 2758 sacer,
223 2706 280 2763 pro
302 2689 371 2745 dote
391 2700 511 2747 centena
529 2691 745 2757 sestertiorum,
768 2688 891 2763 antiquo
912 2706 1011 2757 more,
1030 2686 1120 2743 millia

65 2781 297 2837 numerabuntur:
313 2800 374 2838 non
385 2782 509 2841 deerunt
522 2783 666 2857 auspices,
684 2793 773 2859 atque
783 2784 942 2857 signatores
959 2780 1122 2837 tabularum

66 2879 88 2923 et
97 2883 264 2929 contractus.
279 2872 423 2933 Credebas
438 2874 655 2931 matrimonium
670 2872 749 2929 istud
765 2875 837 2929 clam
851 2872 970 2947 agitari,
983 2883 1012 2929 et
1025 2872 1122 2947 paucis

65 2964 170 3021 consciis
189 2965 368 3040 testibusque
387 2966 549 3023 adhibitis:
570 2966 652 3040 atqui
669 2966 789 3021 servatis
807 2965 943 3021 omuibus
962 2964 1074 3039 legibus
1093 2972 1124 3019 et

66 3054 153 3113 ritibus
170 3057 364 3123 matrimonii.
387 3060 497 3117 nubere
515 3058 666 3115 Messalina
687 3057 818 3113 decrevit
836 3078 843 3111 :
861 3065 956 3111 tecum
974 3055 1123 3129 expende,

66 3146 125 3215 Sili,
136 3150 206 3223 quid
221 3150 321 3225 eligas.
331 3149 364 3207 Si
379 3170 491 3208 morem
505 3169 607 3227 gerere
619 3149 738 3218 abnuis,
749 3156 875 3203 mortem
887 3146 959 3213 tibi,
969 3157 1127 3219 antequam

67 3239 103 3292 sol
113 3241 239 3308 occidat,
255 3252 384 3315 paratam
390 3241 469 3307 scito
481 3262 488 3297 ε
501 3240 525 3297 si
542 3251 623 3297 tauto
636 3240 745 3297 scelere
764 3249 793 3295 te
811 3236 985 3310 obstringis,
999 3255 1060 3292 non
1074 3235 1127 3291 diu

67 3329 155 3387 eodem
165 3332 315 3399 laetabere,
328 3333 421 3389 donec
432 3332 569 3389 nimirum
583 3330 720 3387 facinoris
730 3330 789 3403 jam
802 3340 861 3384 tota
876 3328 992 3384 civitste
1007 3326 1127 3402 pervul-

67 3421 116 3493 gart
127 3422 198 3477 lama
214 3423 334 3479 casaris
353 3440 436 3479 aures
448 3424 607 3480 allabatur:
622 3424 670 3479 ille
685 3420 816 3478 omnium
827 3431 990 3494 postremus
1003 3418 1128 3472 inustam

68 3511 136 3569 domi
150 3534 205 3571 sua
225 3515 415 3592 ignominiam
429 3516 540 3573 rescict.
558 3519 671 3573 Interea
690 3533 801 3571 morem
816 3530 901 3589 gere,
923 3508 993 3577 Sili,
1016 3508 1041 3565 si
1057 3509 1130 3565 tanti

69 3606 174 3665 estimas
190 3609 311 3665 brevem
328 3626 445 3665 usuram
466 3609 538 3665 lucis
557 3628 590 3664 ac
611 3608 678 3664 vitae
697 3604 868 3681 :quidquid
889 3604 1005 3658 demum
1023 3612 1130 3665 statuas

67 3694 149 3753 levius
162 3710 190 3755 et
210 3699 266 3756 tibi
281 3698 394 3769 utilius,
410 3699 544 3756 obeunda
558 3718 636 3756 mors
654 3698 725 3769 erit,
741 3716 774 3753 ac
790 3708 874 3751 tuum
892 3694 966 3749 illud
982 3702 1068 3771 caput
1081 3715 1130 3753 ve-

67 3800 173 3845 nustum
187 3802 217 3849 et
229 3792 345 3867 elegans
360 3790 457 3867 gladio
478 3789 693 3850 demetendum.

102 3880 165 3948 346.
185 3914 226 3925 -
237 3884 304 3938 llaec
315 3884 339 3939 si
350 3902 380 3941 se
394 3883 432 3939 ita
446 3884 570 3949 babent,
583 3880 696 3955 inquiet
710 3877 826 3952 aliquis,
844 3876 915 3933 nibil
926 3894 997 3952 ergo
1010 3878 1066 3934 erit
1075 3896 1132 3953 op-

69 3972 178 4029 tandum
197 3974 374 4031 hominibus.
394 4006 434 4019 -
452 3976 484 4032 Si
504 3973 657 4031 eonsilium
675 3982 770 4049 petas,
785 3972 862 4027 Deos
879 3970 956 4045 ipsos
975 3968 1135 4041 dijudicare

69 4062 154 4135 sines,
171 4065 244 4140 qnid
264 4067 350 4123 uobis
370 4068 504 4141 expediat
525 4064 690 4140 nostrisque
708 4064 833 4141 negotiis
852 4064 1005 4135 condurat.
1024 4064 1081 4117 Pro
1099 4060 1134 4115 iis

72 4156 142 4212 euim
153 4159 257 4229 rebus,
268 4178 338 4234 qums
350 4161 501 4235 voluptate
513 4158 593 4216 ducti
603 4156 849 4235 concupiscimus,
863 4155 949 4210 utiles
959 4150 1135 4227 largientur,
