2784 4917
179 447 182 452 Ι
267 385 327 428 120
424 363 596 430 VARIAE
618 362 911 428 LEGTIONES
935 363 998 427 ET
1020 363 1181 428 NOTAE

262 485 367 546 temque
380 494 489 530 suoram
501 476 637 530 fortunam
649 489 771 529 mortuus
785 486 862 528 esset.
873 475 953 528 Coaf.
966 475 1025 528 Cic.
1041 477 1126 530 Tusc.
1141 477 1245 541 Queat.
1254 474 1281 540 Ι,
1289 475 1329 546 35,

262 559 442 628 querulorum
460 573 537 632 poeta
550 560 701 613 imitatione
716 558 853 630 expressit.
867 558 994 612 Tiberius
1005 571 1102 612 eontra
1115 556 1268 610 identidem
1280 557 1331 608 feli·

262 657 319 692 cem
336 643 467 697 Priamum
482 645 609 708 vocabat,
622 641 695 714 quod
707 655 844 714 superstes
853 643 973 696 omnium
983 661 1093 696 suorum
1103 641 1259 695 exstitisset.
1268 638 1330 691 Vide

263 722 336 778 Suet.
348 725 409 778 Tib.
423 731 463 781 61.
478 759 511 768 -
523 731 634 780 Venisset
644 732 680 779 ad
691 731 788 779 umbms
799 731 929 792 Assaraci,
939 729 992 781 hoc
1004 741 1058 792 est,
1068 731 1209 800 majorum
1218 740 1331 789 auorum,

261 805 364 860 bonum
377 828 409 862 ac
426 810 532 864 facilem
548 812 656 864 sortitur
666 811 776 864 exitum.
789 819 926 863 Assaracus
937 813 1017 864 Trois
1029 811 1102 864 lilios
1113 824 1143 864 et
1158 811 1241 862 frater
1250 810 1329 880 Geny-

260 889 348 944 medis
364 903 443 963 atque
463 893 510 953 lli,
525 895 571 965 qui
591 894 647 946 Ilus
667 892 877 948 Laomedontem
893 894 1000 964 genuit,
1019 908 1128 966 putrem
1150 894 1265 956 Priami3
1282 889 1329 942 vid.

262 971 358 1046 Heyne
373 975 408 1028 ud
420 977 496 1048 Vir-g.
507 976 605 1048 Georg.
618 978 672 1040 111,
686 977 729 1032 35.
740 1009 772 1018 -
781 981 882 1046 stagnis
893 982 1050 1039 solennibus,
1067 977 1220 1049 splendida
1230 991 1329 1047 pompa,

261 1058 408 1126 magnifico
419 1071 551 1130 apparatu
562 1059 677 1114 funebri.
689 1092 722 1102 —
734 1066 830 1124 Funus,
839 1079 938 1133 corpus
949 1063 1048 1116 mortni
1059 1064 1166 1134 petrin
1180 1059 1243 1114 vide
1253 1060 1331 1110 Barm

265 1137 301 1190 ad
313 1140 405 1194 Valer.
420 1141 451 1194 Fl
477 1143 547 1208 vll,
562 1144 623 1208 643.
636 1157 662 1196 et
674 1143 711 1196 ad
722 1145 837 1210 Quintil.
851 1145 961 1198 Decium
984 1163 1039 1206 att,
1054 1149 1096 1199 16.
1106 1176 1146 1186 -
1155 1143 1332 1195 Postmelles·

265 1235 328 1284 των,
344 1224 402 1277 filio
422 1229 539 1282 maximo
559 1240 640 1294 natu,
653 1241 680 1282 et
693 1232 821 1298 parribus
838 1231 903 1302 ejus.
919 1231 1024 1284 anera
1037 1230 1179 1290 humeris,
1193 1241 1221 1281 et
1238 1239 1330 1297 pstmm

267 1325 381 1379 corpora
396 1309 485 1363 sfiliis
497 1311 597 1382 portari
610 1311 747 1370 solebant;
761 1313 863 1383 Grang.
873 1313 943 1365 Coll.
955 1314 1025 1367 Plio.
1036 1314 1108 1378 vlt,
1121 1319 1174 1376 441
1187 1311 1239 1383 Xy
1242 1307 1333 1372 111‚3;

180 1457 184 1465 ¹
267 1389 340 1442 Suet.
357 1392 424 1464 Aug.
442 1410 504 1458 soo;
518 1395 609 1446 Valer.
624 1396 697 1450 Max.
714 1397 786 1459 Vll,
803 1415 814 1446 r
831 1396 867 1450 al.
881 1397 922 1452 De
933 1397 1034 1450 Priami
1047 1396 1115 1450 filiis
1126 1409 1157 1450 et
1167 1393 1275 1448 filiabus
1285 1386 1331 1442 sid.

267 1472 397 1546 Apollod.
414 1476 469 1535 111,
484 1495 531 1542 ra,
543 1475 575 1542 5,
588 1476 677 1548 ibique
689 1477 792 1550 Heyne.
1096 1487 1100 1493 ’

304 1568 373 1622 Nor.
394 1573 453 1624 261.
473 1578 541 1624 luter
559 1575 682 1638 lacrymas
701 1576 825 1632 Iliadem,
844 1586 1029 1626 matronarum
1042 1575 1244 1646 Trojunarum,
1264 1569 1332 1621 fuum

268 1656 489 1726 prosequentium
498 1657 636 1720 lamentis,
647 1657 753 1710 ululatu
762 1696 770 1719 ‚
779 1658 946 1728 ploratibus,
959 1657 1052 1710 nmniis
1060 1669 1088 1709 et
1096 1662 1205 1724 planem
1214 1693 1223 1718 ,
1232 1654 1277 1724 qui
1286 1669 1333 1721 per·

269 1751 365 1809 petuus
378 1753 417 1792 est
433 1759 491 1793 mos
504 1753 531 1793 et
543 1753 663 1794 veterum
673 1752 700 1796 et
714 1739 891 1793 barbarorum
906 1742 1081 1810 populorum.
1093 1739 1177 1792 Conf.
1190 1739 1266 1806 Virg.
1278 1739 1331 1787 AEu.

270 1821 327 1884 xl,
339 1821 461 1884 35.-us.
474 1824 510 1878 ita
522 1837 565 1888 ut;
574 1826 667 1892 primos
678 1827 750 1874 edere
759 1828 880 1887 planetus,
892 1841 966 1877 more
976 1823 1234 1894 predonumque
1243 1821 1331 1872 luctam

269 1903 434 1978 modumque
445 1905 590 1978 plangendi
603 1927 633 1960 ao
645 1906 813 1961 lamentandi
826 1908 919 1960 ceteris
931 1907 1035 1960 feminis
1046 1907 1192 1978 praeibant.

307 2001 375 2054 Noe.
396 2005 455 2053 161.
477 2005 616 2053 Cassandra
631 2014 657 2055 et
672 2006 815 2066 Polyxena,
831 2001 893 2054 filie
908 2003 1163 2066 Priami-Palla,
1180 2001 1228 2054 Gr.
1241 2000 1331 2055 eser«.

271 2084 390 2146 Mantel,
404 2103 495 2156 propr.
506 2085 582 2154 Angl.
594 2086 691 2146 Sbswl,
706 2097 733 2138 et
744 2083 855 2154 quidem
868 2086 1032 2154 geminatum
1043 2085 1085 2138 vel
1096 2079 1332 2156 triplicatum(vid.

269 2167 375 2222 Ferrsr.
390 2165 424 2218 de
438 2169 476 2219 Re
488 2169 562 2220 Vest.
576 2169 605 2230 l,
617 2169 648 2233 3,
666 2169 696 2221 18
705 2209 713 2233 ,
722 2179 749 2220 et
759 2168 787 2220 iu
798 2167 874 2220 Anal-
890 2186 918 2239 p.
933 2168 966 2219 81
978 2188 986 2233 ς
996 2167 1109 2237 Boettig.
1122 2167 1240 2227 Sabina,
1249 2182 1274 2233 p.
1283 2159 1332 2228 397,

275 2254 326 2313 416
338 2269 391 2322 seq.
404 2263 429 2304 et
440 2251 492 2302 XX
501 2249 565 2304 edit.
577 2270 618 2322 pr.
629 2253 649 2316 ).
657 2281 692 2292 -
701 2255 781 2303 Scissa
789 2255 877 2317 putta:
886 2269 949 2302 nam
960 2250 988 2302 iu
1002 2251 1076 2303 luctu
1087 2264 1114 2303 et
1128 2266 1231 2324 pompa
1241 2241 1332 2298 funebri

273 2343 360 2386 vestes
374 2332 461 2386 scindi
470 2333 611 2400 solebant;
624 2333 680 2389 vid.
695 2334 799 2387 ferrar.
814 2335 864 2386 loe
875 2332 949 2386 laud.

308 2509 373 2556 Vsa.
393 2509 452 2556 163.
472 2511 525 2573 Quo
532 2508 605 2573 jam,
623 2526 646 2570 7,
666 2523 708 2564 ro,
726 2516 835 2570 rt-up,
855 2522 899 2570 19,
913 2501 1030 2567 45-50,
1049 2507 1171 2570 54-69,
1184 2508 1298 2567 71-7l‚
1312 2505 1331 2541 ‘¹

275 2592 385 2656 plerique
397 2593 477 2644 codd.
496 2590 574 2643 Paris.
589 2609 651 2659 qnos
665 2602 762 2646 secante
775 2602 812 2639 est
824 2589 886 2640 Aeli.

309 2695 378 2746 Nor.
399 2698 458 2750 163.
480 2703 596 2765 Tempore
605 2699 717 2758 diverso,
729 2697 798 2759 alio,
810 2707 837 2749 et
850 2693 959 2768 quidem
973 2693 1073 2766 priori,
1083 2712 1130 2762 qao
1141 2711 1202 2750 aon.
1212 2684 1333 2742 nondum,

277 2779 348 2826 Paris
358 2781 456 2829 carinas
468 2794 571 2847 ceperat
583 2783 710 2853 aedificare
721 2783 839 2844 audaces,
851 2779 903 2833 hoc
917 2789 971 2842 est,
984 2774 1087 2854 audax,
1106 2777 1278 2846 navigatum!
1285 2763 1331 2817 wll·

274 2871 301 2911 et
314 2873 440 2930 rapturus
455 2859 597 2926 Helenum
611 2877 755 2938 antequam
770 2862 885 2935 patriam
902 2860 1011 2914 vidisset
1024 2877 1155 2914 eversam,

310 2969 379 3020 Nor.
400 2970 458 3023 165.
477 2974 561 3040 longa
579 2974 645 3039 dies,
660 2972 731 3038 vita,
744 2975 807 3039 quid
815 2969 951 3023 commodi
961 2971 1068 3032 retudit,
1079 2967 1206 3040 prestitit
1220 2963 1328 3017 Primo,

276 3050 344 3124 quid
354 3053 456 3124 profuit
467 3053 510 3106 eit
532 3073 533 3076 ¹

310 3147 377 3200 Nor.
400 3149 448 3202 165
462 3167 516 3218 seq.
536 3149 613 3203 Conf.
627 3169 720 3204 versus
733 3151 815 3206 Ennii
829 3147 902 3223 apud
920 3149 976 3203 Cio.
990 3150 1072 3202 Ture.
1087 3149 1191 3213 Quart.
1204 3144 1233 3204 1,
1250 3137 1294 3194 35·
1309 3143 1331 3182 ‘¹

273 3230 351 3304 Virg.
368 3235 429 3284 AEn.
440 3233 484 3304 ll,
497 3233 548 3296 554
562 3253 616 3305 seq.
630 3265 665 3282 -v
676 3237 761 3286 Asiam
773 3236 911 3307 propriam
925 3253 972 3286 seu
983 3233 1127 3296 minorem,
1139 3247 1167 3284 et
1175 3219 1330 3301 quidemh⁰⁰

270 3315 335 3370 loco
345 3319 402 3388 ejus
412 3329 514 3387 partem
525 3317 752 3382 florentissimam,
762 3321 914 3384 Troadem,
924 3338 984 3391 quse
994 3317 1094 3372 Priami
1103 3316 1217 3390 imperio
1225 3309 1332 3395 subject·

272 3413 341 3454 erut.
358 3401 437 3454 Conf.
449 3402 524 3474 Virg.
538 3405 599 3455 AEn.
612 3403 656 3464 11,
672 3403 723 3473 ⁵⁵7
734 3403 825 3475 ibique
839 3405 942 3476 Heyne.
958 3403 1024 3456 Hee
1035 3401 1156 3473 pristine
1171 3410 1198 3452 et
1211 3399 1330 3467 pmwlss

272 3483 388 3538 fortunae
405 3487 571 3558 comparatio
589 3486 706 3540 multum
719 3487 789 3563 palet
801 3485 835 3540 ad
848 3485 1107 3538 commiserationem
1122 3477 1276 3536 faciendam.

310 3597 379 3650 Nor.
401 3601 550 3667 267-270.
569 3597 647 3654 Conf.
658 3596 769 3650 omnino
779 3595 858 3665 Virg.
869 3597 930 3646 AEn.
939 3594 982 3654 lt.
997 3591 1146 3654 tos-stt,
1154 3591 1244 3660 ibique
1254 3580 1330 3648 lleysse

270 3677 302 3730 in
313 3677 378 3730 Exc.
395 3677 436 3730 xl
449 3677 483 3731 de
494 3678 592 3732 Priami
608 3697 681 3731 nece.
692 3709 727 3719 -
737 3685 803 3730 Tune
816 3681 886 3729 miles
898 3685 1013 3728 tumulus
1027 3677 1118 3741 senio,
1130 3675 1262 3730 primm
1271 3674 1330 3713 Μ

271 3761 341 3822 satit,
358 3759 428 3829 oepit
446 3772 472 3812 et
484 3760 586 3825 induit,
600 3773 630 3814 ut
642 3761 770 3832 impetum
789 3760 946 3814 Graecorum
963 3759 1149 3830 propulssret,
1168 3757 1246 3824 posita
1258 3749 1326 3797 Μ’
1365 3770 1366 3773 ’

273 3840 373 3905 fascia,
385 3838 550 3908 diademate,
561 3845 636 3915 regio
650 3844 771 3914 insigni(
782 3843 844 3896 vide
855 3861 936 3914 supra
948 3841 1056 3907 arvl,
1069 3843 1120 3894 516
1129 3845 1149 3909 ),
1160 3854 1185 3890 ee
1195 3838 1251 3897 ruit,
1263 3831 1328 3901 jugu-

272 3925 374 3978 latusu
393 3925 584 3996 Neoptolemo,
598 3943 657 3980 astte
669 3948 740 3995 arqm
756 3932 822 3980 lovis
839 3927 953 3992 Hercei,
970 3921 1078 3997 festior.
1097 3924 1174 3978 Conf.
1194 3919 1265 3987 Virg.
1283 3910 1325 3960 ¹⁰⁰·

273 4005 349 4070 laud.
362 4027 401 4061 vs.
417 4008 468 4076 509
480 4027 537 4081 sqq.
556 4023 583 4072 et
594 4011 687 4083 Heyne
703 4012 754 4064 loc.
769 4012 815 4064 cit.

308 4107 394 4160 Asin.
405 4105 456 4161 166
460 4123 553 4182 -170,
561 4106 734 4178 Comparatio
741 4108 881 4179 aptissima
886 4119 913 4160 et
920 4105 955 4160 ad
961 4104 1157 4160 miserationem
1165 4093 1264 4193 egregie
1271 4099 1329 4141 ΝΜ·
