2784 4917
298 370 353 434 IN
376 370 610 466 SATlllAM
633 371 880 436 DECIMAM.
1062 373 1123 436 103

71 481 143 544 prium
150 484 249 548 requiri,
259 486 309 546 iarn
320 485 440 534 intellexit
450 483 613 547 Platlruerns,
623 497 647 534 et
655 487 800 536 Ptolemeua
811 490 838 536 iu
848 489 970 553 AEtbiopia
980 489 1124 554 elephantos

70 564 132 610 albos
140 581 216 614 omnes
226 567 342 625 tradidit,
352 583 384 616 au
393 584 425 616 ex
435 569 470 616 rei
480 569 593 630 veritate,
605 584 682 616 neone
691 604 699 630 ‚
709 569 774 617 nihil
783 571 815 617 ad
825 586 885 618 rein.
892 593 904 610 n

102 662 162 710 Vua.
180 663 238 712 150·
256 663 414 729 Elephantes,
426 681 468 712 aa.

101 754 163 805 Nor.
182 761 244 824 149,
262 758 319 810 150.
338 759 440 826 Africa,
455 758 490 811 ab
503 756 617 818 oriente,
630 757 734 806 adstote
743 767 784 808 est
793 759 959 819 Mammas,
969 753 1125 818 deiude,ad

71 837 195 904 AEtlioprot
201 843 307 906 poprdos
321 857 401 911 supra
414 841 574 912 AEgypturu‚
585 857 668 910 neque
678 836 715 890 ad
726 839 815 892 aluum
828 840 967 892 arabicum
979 842 1016 906 (a
1026 839 1124 909 quibus

72 915 157 970 diroti
168 932 228 972 aaut
237 921 378 994 AEtbiopes
389 921 505 994 hesperii
517 941 564 975 sen
578 921 758 975 occidentales
767 935 795 975 et
805 922 948 986 Atlantici,
962 923 990 974 iu
999 921 1126 974 interiore

73 1002 163 1069 lirion,
171 1004 205 1057 ad
216 1005 385 1060 occidentem
395 1018 422 1060 et
431 1025 505 1060 mare
517 1007 682 1060 Atlanticum
690 1008 715 1074 )‚
729 1019 757 1059 et
773 1006 808 1059 ad
826 1008 1058 1072 atterminaverat,
1072 1005 1126 1058 boc

72 1086 302 1150 est,ad1ndiam‚
322 1091 349 1144 iu
366 1109 419 1162 qua
437 1091 547 1143 maximi
565 1102 626 1142 sunt
640 1091 806 1161 elephanti,¹
824 1103 851 1142 et
867 1089 902 1141 ad
918 1107 999 1160 quam
1017 1086 1126 1140 Indiam

73 1182 158 1224 veteres
173 1185 259 1242 poeta
277 1186 304 1226 et
323 1174 470 1246 geographi
491 1174 659 1246 AEthiopiam
677 1193 801 1246 quoque,
820 1175 947 1226 Arabiam
966 1185 1125 1245 partemque

73 1255 168 1326 Egypti
180 1257 310 1311 referunt.
325 1259 419 1310 ²Nota
428 1259 494 1311 Aah.
508 1271 548 1310 est
561 1276 568 1310 :
580 1260 671 1326 Africo
686 1263 775 1308 Manto
787 1278 900 1326 pemmo
916 1265 1014 1310 Oceano
1025 1269 1066 1310 eat
1078 1276 1124 1309 oc·

74 1335 141 1387 eidua
152 1339 206 1408 ejus
219 1357 297 1410 para,
317 1341 375 1392 aito
387 1342 488 1390 admon
503 1341 655 1404 orientalia,
672 1344 712 1390 ad
728 1343 868 1407 AEtliopnm
884 1347 987 1408 populos
1001 1341 1124 1394 interior.

73 1418 243 1490 interpretatio
253 1435 343 1474 autem
354 1421 494 1475 Heineekii
504 1423 599 1475 ceteris
611 1422 680 1474 lorte
693 1421 859 1494 proferenda
869 1441 876 1475 :
887 1449 899 1468 ι
906 1425 947 1475 Ne
959 1423 1051 1476 Africa
1064 1423 1124 1494 qui·

74 1501 124 1554 dan
135 1504 282 1558 sufficiebat
294 1505 457 1573 Hannibali,
474 1491 596 1579 qtlamris
609 1506 727 1558 maxima
743 1506 794 1558 sit:
810 1525 873 1558 nam
889 1505 1009 1559 adluitur
1023 1525 1125 1560 oceano

73 1584 165 1646 Mauro,
176 1587 329 1640 extenditur
341 1607 424 1658 usque
435 1587 469 1640 ad
481 1589 589 1650 Nilum,
600 1608 689 1651 rursus,
701 1600 891 1659 protentaque,
901 1587 936 1640 ad
945 1589 1127 1661 AEthiopiaur,

71 1668 111 1719 ubi
122 1670 204 1740 magui
212 1671 349 1742 elephanti
361 1683 439 1736 eunt,
452 1685 481 1724 ut
493 1669 568 1743 apud
580 1671 677 1722 Manil.
692 1671 743 1737 IY,
756 1675 806 1742 667
818 1689 825 1723 :

237 1771 266 1814 Et
273 1777 347 1814 vastos
357 1767 486 1828 elephantes
497 1766 568 1812 babet
575 1781 690 1827 serosque
701 1766 794 1821 leones,

72 1870 216 1924 quemqnam
229 1855 364 1908 bentleius
379 1855 453 1906 huno
465 1873 571 1908 versum
585 1854 707 1924 spurium
718 1871 776 1906 esse
787 1852 912 1924 judicat:
924 1853 1028 1918 nescio,
1041 1872 1122 1925 quapa

72 1952 129 1988 roe.
142 1935 237 1990 Similis
251 1937 327 1990 locus
337 1949 377 1990 eat
388 1935 484 1990 Manli.
495 1937 546 2002 tv,
559 1936 714 2006 spo-602,
726 1955 807 2008 quem
819 1937 944 1992 iuvenali
955 1948 1017 1990 aute
1029 1937 1123 1992 oculos

72 2016 141 2072 luisse
150 2032 227 2092 puto:

236 2121 287 2179 lpaa
294 2126 358 2164 natat
367 2117 432 2164 tellus
439 2117 516 2178 pelagi
525 2117 618 2164 lustrata
627 2131 726 2172 corona,

237 2193 354 2252 (lingentis
363 2191 464 2237 medium
473 2191 565 2252 liquidis
573 2191 717 2252 amplexibus
727 2191 822 2246 orben,

236 2267 308 2325 laque
317 2267 378 2333 siuns
386 2274 482 2326 pontum
491 2267 585 2324 recipit,
596 2267 636 2324 qni
644 2279 738 2326 vespere
747 2265 776 2310 ab
786 2275 836 2311 atro

236 2337 353 2383 Admissus
361 2337 441 2383 dextra
451 2337 561 2383 Numidae
570 2337 712 2400 Libyamque
723 2339 832 2386 oalentern

237 2409 307 2456 Alluit
316 2419 338 2456 et
349 2423 436 2470 magnai
447 2409 562 2471 quondam
571 2413 714 2474 Carthaginis
721 2428 796 2467 areee;

236 2486 359 2545 Litoraque
371 2487 395 2528 in
405 2487 482 2543 syrtes
492 2499 601 2533 moerus
611 2490 699 2533 sinuata
706 2487 802 2534 vadosas

234 2558 335 2605 Baream
343 2573 415 2618 usque
424 2558 453 2604 ad
463 2559 540 2605 Nilum
554 2560 647 2608 direptis
656 2561 763 2608 fluetibus
774 2563 828 2606 exit

73 2639 135 2710 Apud
145 2643 289 2697 Manilium
300 2643 409 2718 quidem
422 2646 482 2699 toci
492 2665 586 2697 narsum
600 2645 736 2718 adjectum
750 2658 791 2698 est
803 2645 914 2698 verbnm
924 2645 992 2709 exit,
1010 2657 1037 2696 et
1048 2645 1120 2716 apud

70 2723 178 2781 Nostram
189 2727 357 2784 desideratur
366 2729 487 2784 verbum.
499 2730 552 2784 Sed
564 2749 597 2784 ex
609 2731 693 2785 verbo
703 2734 805 2781 admota
820 2727 1009 2782 assumendum
1023 2741 1062 2782 est
1072 2748 1118 2780 ee·

70 2813 216 2866 remoratio
230 2833 285 2868 nou
296 2814 432 2868 inusitata.
443 2815 521 2867 Corsi.
532 2814 617 2867 Perii.
630 2813 665 2868 ad
674 2815 764 2866 Senot.
775 2813 826 2874 lv,
837 2813 863 2866 6.
872 2813 944 2865 Tum
953 2807 1120 2893 desideratur

71 2895 165 2963 copula,
176 2909 206 2950 ut
217 2915 314 2970 saepen
325 2898 403 2952 Cous.
415 2897 451 2951 ad
464 2899 534 2962 x11,
547 2901 591 2968 76.

96 3051 153 3102 Van.
172 3057 231 3106 151.
249 3055 381 3117 Hesperia,
393 3073 435 3104 ar.

96 3141 153 3197 Nor,
174 3147 233 3200 151.
252 3148 362 3196 Additur
378 3147 495 3212 inperiis,
515 3161 598 3216 regno
619 3145 780 3206 Poenorum,
802 3147 937 3212 Hispania,
960 3144 1038 3214 cujus
1056 3162 1119 3214 pars

71 3221 209 3282 fltuuibalis
228 3241 381 3300 expugnata
397 3239 436 3282 est
452 3229 541 3280 aruris.
560 3231 679 3292 Imperiis,
699 3237 775 3280 vasto
792 3226 888 3278 Africo
902 3225 1031 3297 imperim
1048 3226 1117 3277 ach.

72 3307 109 3362 Sed
120 3333 198 3387 neque
209 3314 360 3377 Hannibal,
373 3333 460 3385 neque
473 3313 545 3366 Poeni
558 3330 682 3383 maguam
693 3313 790 3366 Africa
802 3324 906 3384 partem
921 3322 1130 3382 expugnarunt..

71 3403 235 3462 -Pyrsaoenm
247 3413 382 3462 montem,
396 3417 450 3472 quo
459 3397 589 3468 Hispania
606 3415 621 3450 a
640 3397 731 3450 Gallia
743 3396 893 3454 dirimitur,
909 3396 1030 3453 transilit,
1045 3391 1118 3444 Han·

71 3477 127 3533 nibal
139 3484 259 3538 celeriter
269 3503 301 3537 ex
313 3483 443 3554 Hispania
457 3481 484 3535 in
495 3481 599 3535 Gallias
611 3481 698 3535 victor
709 3481 814 3534 transiit
826 3497 905 3533 :narn
915 3479 1027 3532 verbum
1036 3489 1119 3528 trans-

474 3645 705 3666 mmmm

96 3779 104 3802 ¹
120 3776 178 3824 Vide
187 3778 273 3841 Polyb.
284 3780 317 3838 V,
330 3779 374 3836 843
385 3779 492 3844 Appian.
502 3783 558 3846 Syr.
639 3789 649 3814 ²
668 3785 817 3844 Interpretea
834 3780 896 3828 altos
909 3779 1063 3844 elephantos,
1077 3783 1116 3830 vel

72 3847 258 3918 ³13rlin.v111‚
274 3875 302 3904 tt
316 3876 322 3905 ι
337 3859 501 3924 slilepluautos
511 3862 558 3909 sert
602 3860 633 3908 ad
647 3860 836 3918 Mauritaniam,
855 3860 893 3908 vel
906 3860 938 3906 ad
956 3859 1116 3924 AEduiophm,

70 3925 134 3978 tta„
145 3936 205 3983 ultra
218 3937 325 4000 Syrticae
338 3938 484 3989 solitudines
494 3951 519 3988 et
531 3942 558 3989 iu
601 3941 640 3988 vel
654 3940 685 3988 ad
696 3950 771 3987 totam
784 3940 887 4006 libyam
897 3942 1018 3999 referant,
1030 3949 1054 3988 et
1064 3942 1115 3988 sire

70 4005 196 4063 Mauritania
208 4033 214 4064 :
226 4017 308 4064 ierunt
317 4017 443 4082 AEthiopes
458 4031 483 4068 et
496 4023 558 4069 Tro·
601 4021 754 4080 lectionem,
776 4022 828 4070 sive
850 4020 1034 4070 distinctionem
1058 4036 1114 4066 mu·

71 4081 222 4154 abdyrama
233 4096 460 4150 maximosludia.·
603 4110 663 4148 tant.
