2784 4917
247 400 291 475 48
371 355 577 471 'samum
600 401 815 470 namna
837 404 1205 472 sucnuanrnn.

245 536 407 606 latronum,
428 536 476 591 vel
496 552 610 591 veneno
633 543 784 603 necentur,
805 551 849 589 rs·
870 550 996 605 ra-ay.
1015 535 1085 590 Non
1101 533 1212 591 mirum
1225 532 1318 607 itaque

246 640 397 699 stultitiam
411 640 564 719 hominum
577 658 690 715 semper
701 636 849 695 Heraclito
861 636 963 695 fletum
976 638 1100 697 movisse
1113 649 1143 696 et
1153 638 1322 718 risumcon-

248 756 293 801 tra
307 744 493 815 Democrito,
516 743 568 819 qui
589 742 682 799 multo
697 742 788 818 magis
807 740 930 815 risisset,
953 743 978 800 si
994 744 1103 800 nostris
1116 742 1238 800 vixisset
1253 753 1322 799 tem-

247 849 383 926 poribus,
408 848 514 925 qnibus
538 850 627 925 longe
646 847 741 921 major
761 858 805 904 cst
826 848 912 905 luxus
936 868 970 906 ac
989 848 1094 917 fastus,
1116 868 1158 905 vs.
1181 844 1323 905 att-55.

247 955 372 1011 Maxima
388 953 519 1029 potentia
534 952 697 1027 summique
712 950 853 1020 honores,
876 953 914 1009 ad
927 972 1000 1029 quos
1014 952 1150 1010 nonnulli
1164 948 1324 1026 adspirant,

247 1078 382 1136 magnam
395 1059 430 1115 iis
445 1056 598 1128 iuvidiam,
610 1056 770 1131 perniciem
782 1057 954 1134 ruinamque
968 1071 1085 1134 purant,
1100 1078 1155 1115 nec
1165 1058 1225 1114 nisi
1238 1078 1255 1113 a
1267 1075 1326 1112 mo·

248 1165 301 1221 bili
316 1164 409 1239 plebis
426 1162 525 1219 animo
541 1172 570 1219 et
585 1162 723 1219 Fortunae
738 1162 839 1219 favore
852 1164 997 1240 pendent,
1013 1183 1073 1239 quo
1088 1173 1202 1221 mutato
1216 1164 1258 1233 is,
1278 1159 1325 1237 qui

247 1270 336 1345 paulo
346 1278 412 1324 aute
423 1267 600 1325 adorabatur
610 1286 627 1323 a
637 1268 743 1343 vulgo,
753 1269 790 1324 ab
803 1270 906 1326 eodem
918 1271 994 1327 male
1005 1281 1146 1328 tractatur
1157 1281 1188 1328 et
1197 1268 1325 1326 adscslas

248 1374 404 1431 Gemonias
418 1372 544 1447 indeque
559 1372 591 1429 in
607 1372 738 1430 Tiberim
752 1394 830 1431 unco
844 1376 982 1449 trabitur,
1000 1377 1083 1452 quod
1092 1397 1146 1433 suo
1157 1378 1267 1434 damno
1277 1393 1325 1431 ex·

247 1478 324 1555 perti
339 1489 406 1535 sunt
425 1476 545 1551 Sejanus
557 1477 568 1555 (
579 1496 620 1534 vs.
637 1476 773 1550 56-107
786 1480 807 1555 ),
827 1478 927 1554 etjam
940 1492 1007 1537 aute
1020 1499 1087 1537 enm
1101 1480 1215 1550 Crassi,
1241 1480 1326 1535 Pom-

248 1585 342 1660 peius,
359 1586 453 1641 Caesar
463 1594 492 1639 et
502 1583 552 1639 alii
566 1604 573 1640 :
585 1603 652 1640 nam
664 1584 750 1660 pauci
760 1583 842 1640 suere
853 1604 936 1662 reges
948 1586 994 1643 vel
1007 1584 1153 1662 principes
1164 1583 1288 1641 civitatis
1298 1592 1327 1638 et

248 1686 376 1766 tyranni,
395 1686 447 1763 qui
458 1705 521 1744 non
534 1687 692 1743 violentam
706 1687 781 1762 passi
794 1688 853 1744 sint
866 1700 1005 1760 mortem,
1017 1709 1059 1745 vs.
1073 1689 1245 1745 rob—113.
1260 1688 1326 1742 Elo-

247 1794 368 1869 quentia
384 1792 502 1849 summis
520 1810 733 1867 nonnunquam
754 1794 936 1865 oratoribus,
956 1805 991 1849 nt
1010 1793 1146 1850 Ciceroni
1159 1812 1195 1849 ac
1210 1795 1326 1849 Βεωος-

248 1900 345 1971 thani,
361 1899 464 1955 mortis
479 1917 564 1954 causa
579 1898 651 1968 sarit,
665 1916 708 1953 vs.
727 1900 893 1966 114—132.
911 1900 1011 1955 Gloria
1030 1900 1133 1955 bellica
1149 1918 1245 1975 quum
1258 1914 1326 1953 vana

248 2008 404 2083 brevisque
419 2017 478 2077 est,
495 2016 558 2062 tum
572 2004 706 2061 maximis
722 2024 797 2080 saepe
813 2004 1040 2081 imperatoribus
1054 2007 1195 2079 exitiosa,
1212 2017 1246 2063 ut
1261 2005 1327 2063 olim

249 2110 418 2181 Hannibali,
434 2108 602 2166 Alexandro
617 2119 646 2165 et
661 2110 774 2182 Xerxi,
790 2130 833 2169 vs.
850 2113 1018 2185 133-187.
1032 2114 1222 2189 Lougaoita
1234 2108 1326 2168 multis

250 2216 378 2274 obnoxia
387 2227 430 2273 est
440 2214 633 2271 incommodis
642 2234 674 2271 ac
683 2215 765 2272 malis
770 2236 779 2287 ;
789 2217 897 2293 quippe
906 2236 988 2275 senes
994 2218 1167 2293 plerumque
1175 2218 1327 2280 deformes,

250 2322 362 2401 rugosi,
379 2320 504 2392 infirmi,
521 2321 654 2393 tremuli,
670 2322 762 2393 calvi,
777 2323 902 2392 mucidi,
926 2324 1070 2393 edentuli,
1091 2324 1194 2395 uxori,
1214 2320 1327 2387 liberis,

252 2428 308 2485 sibi
322 2426 449 2503 ipsisque
465 2424 660 2499 captatoribus
680 2444 782 2499 graves
788 2467 797 2496 ,
820 2436 952 2501 expertes
967 2438 1083 2503 gustus,
1105 2428 1143 2484 ad
1158 2447 1225 2501 rem
1237 2430 1329 2484 Vene-

250 2553 330 2591 ream
340 2532 490 2602 inhabiles,
500 2529 594 2601 surdi,
607 2529 687 2601 caeci,
696 2530 808 2600 manci,
820 2530 972 2601 obliviosi,
982 2551 1025 2588 vs.
1041 2531 1208 2609 rat-239.
1220 2526 1328 2603 Quodsi

252 2659 325 2697 vero
340 2658 464 2715 corpore
476 2638 562 2695 etiam
574 2657 607 2694 ac
620 2648 718 2693 mente
731 2637 830 2693 valent
842 2636 874 2692 in
884 2650 1030 2695 senectute
1042 2639 1191 2711 homines,
1203 2638 1330 2697 sentiunt

253 2756 350 2801 tamen
364 2764 397 2800 ac
411 2746 512 2821 lugent
526 2744 580 2799 alia
594 2762 684 2819 eaque
698 2741 808 2822 majora
819 2743 910 2813 mala,
925 2742 973 2798 vel
985 2742 1102 2817 publica
1112 2744 1160 2800 vel
1172 2743 1287 2818 privata
1298 2756 1329 2793 ac

252 2848 388 2925 propria,
403 2847 499 2923 qualia
513 2848 587 2921 passi
603 2858 671 2904 sunt
686 2850 802 2918 Nestor,
818 2847 935 2916 Peleus,
952 2846 1100 2919 Priamus,
1120 2850 1256 2918 Hecuba,
1274 2840 1328 2901 Mi·

254 2952 407 3019 thridates,
424 2951 552 3021 Croesus,
565 2950 693 3021 Marius,
708 2949 877 3025 Pompeius,
889 2951 995 3026 quibus
1004 2927 1242 3010 felicioreslnere
1256 2952 1329 3008 Ien-

253 3060 344 3129 tulus,
366 3057 510 3131 Cethegus
529 3066 558 3113 et
580 3055 717 3127 Catilina,
737 3076 779 3113 vs.
803 3055 970 3125 ato—288.
991 3057 1181 3114 Pulchruudo
1205 3054 1328 3127 denique

253 3183 322 3224 raro
337 3159 507 3238 pudicitiam
518 3138 625 3230 tuetur,
636 3161 794 3236 multisque
804 3160 934 3233 insidiis,
948 3161 1062 3235 injuriis
1073 3182 1107 3219 ac
1116 3162 1254 3237 periculis
1265 3158 1328 3215 sub

251 3271 327 3344 jecta
348 3278 403 3337 est;
422 3264 503 3340 quod
525 3264 632 3320 docent
652 3266 783 3341 exempla
805 3266 964 3337 Lucretiae,
985 3266 1138 3343 Virginiae,
1159 3261 1324 3343 Hippolyti.

254 3369 485 3448 Bellerophontis
500 3380 530 3426 et
544 3370 577 3425 C.
593 3368 670 3441 Silii,
689 3390 732 3427 vs.
748 3371 917 3447 289-345.
936 3374 1008 3442 Quae
1023 3368 1114 3449 quium
1128 3373 1169 3429 ita
1184 3374 1257 3445 sint,
1268 3368 1328 3428 Diis

254 3480 357 3557 potius
362 3475 505 3553 judicium
520 3475 556 3531 de
571 3492 621 3546 eo,
636 3475 719 3551 quod
731 3494 800 3533 vere
815 3478 900 3534 nobis
916 3478 1073 3550 conducat,
1088 3478 1325 3555 permittendum,

254 3594 316 3653 aut,
331 3582 355 3639 si
370 3581 529 3656 optandum
542 3580 665 3656 aliquid,
677 3581 820 3637 orandum
833 3592 876 3638 est
889 3593 922 3638 ut
936 3602 1017 3640 meus
1031 3604 1099 3640 sana
1114 3585 1152 3641 sit
1163 3586 1195 3641 in
1206 3596 1327 3658 corpore

254 3704 340 3755 sano,
362 3695 396 3740 ut
415 3705 447 3741 ea
463 3685 501 3741 sit
515 3686 613 3755 fortis,
633 3704 733 3742 carens
749 3661 862 3743 terrore
883 3688 1004 3760 mortis,
1019 3689 1153 3746 laborum
1175 3690 1285 3765 patiens
1299 3692 1326 3739 tt

256 3806 357 3863 expers
372 3788 481 3844 acrium
494 3790 650 3847 affectuum
664 3790 930 3869 cupiditatumque:
940 3795 981 3851 ita
996 3794 1074 3853 enim
1089 3794 1275 3871 tranquillam
1284 3800 1327 3847 at·

255 3913 312 3971 qne
329 3894 443 3950 beatam
457 3914 573 3971 agemus
585 3896 691 3969 vitam,
710 3919 774 3976 quae
788 3921 805 3957 a
819 3903 880 3959 sola
897 3902 1007 3961 virtute
1020 3924 1054 3959 ac
1066 3904 1220 3980 sapientia,
1237 3920 1296 3961 nou
1310 3918 1325 3952 a

255 4004 399 4073 Fortuna,
413 4000 536 4075 pendet,
555 4002 721 4069 346-366.
