2784 4917
262 359 326 433 dns
536 352 578 418 D.
607 352 745 419 IUNII
772 352 1054 417 tuvurtsnts

264 468 417 555 Calceus,
432 482 464 537 et
481 468 622 563 grandes
642 493 762 564 magna
780 468 822 537 ad
838 468 994 538 subsellia
1008 494 1112 553 surae,

263 580 410 673 Legibus
423 579 567 671 antiquis
581 593 767 647 castrorum
785 594 821 647 et
836 604 930 648 more
944 576 1077 649 Camilli
1302 584 1332 634 ¹⁵

263 690 420 773 Servato,
437 686 589 756 milesne
606 686 729 756 vallum
747 687 856 782 litigat
870 701 978 773 extra,

264 800 308 869 Et
324 798 442 893 procul
461 824 480 867 a
498 798 618 893 signis3
635 797 821 891 justissima
835 797 1085 868 Centurionum

265 909 424 1003 Cognitio
440 924 489 977 est
504 909 609 1003 igitur
626 908 667 977 de
686 906 810 993 milite3
827 932 890 977 nec
904 906 989 976 mihi
1007 906 1114 974 deerit

265 1016 376 1100 Ultio,
395 1018 420 1085 si
433 1016 530 1110 justae
545 1016 697 1087 defertur
713 1042 827 1088 caussa
842 1016 999 1111 querelas.

266 1129 350 1197 Tota
365 1128 486 1197 cohors
501 1143 612 1197 tamen
629 1144 677 1198 est
691 1130 846 1214 inimica;
861 1151 1045 1221 omnesque
1056 1120 1194 1217 manipli
1303 1152 1335 1186 κ

267 1240 437 1307 Consensu
452 1263 574 1334 magno
587 1238 755 1325 efficiunt,
772 1238 929 1309 curabilis
942 1252 982 1306 ut
995 1237 1038 1305 sit

265 1349 425 1419 Vindicta
443 1364 478 1417 et
493 1339 637 1443 glavior‚
654 1374 754 1444 quam
773 1349 897 1442 injuria
914 1372 923 1418 ε
943 1347 1085 1441 dignum
1103 1346 1166 1415 erit
1180 1368 1262 1440 ergo

266 1458 508 1529 Declamatoris
523 1458 652 1529 mulino
665 1459 766 1528 corde
779 1456 920 1553 Vagelli.

266 1567 382 1655 Quum
401 1567 468 1637 duo
485 1589 583 1637 crura
596 1569 734 1655 habeas,
748 1568 927 1639 oll'endere
943 1582 994 1637 tot
1008 1565 1144 1661 caligas,
1160 1580 1212 1634 tot

267 1674 375 1745 Millia
390 1646 585 1747 clavorum!
609 1680 683 1773 quis
699 1693 767 1748 tam
785 1678 903 1775 procul
922 1678 1007 1747 absit
1023 1677 1065 1745 ab
1082 1673 1199 1744 Urbe?
1304 1686 1332 1737 2⁵

268 1788 523 1883 Praetereaque
543 1805 611 1859 tam
628 1789 783 1883 Pylades,
799 1788 925 1859 molem
942 1787 1072 1883 aggeris
1088 1785 1177 1855 ultra

267 1896 318 1965 Ut
332 1896 463 1987 veniat?
475 1897 629 1992 lacrymae
645 1899 811 1970 siccentur
827 1914 1008 1993 protenus,
1022 1910 1055 1965 et
1070 1918 1105 1964 se

268 2066 311 2125 nil
319 2067 381 2142 opis
390 2066 544 2141 salutisque
552 2068 712 2143 promittat.
721 2069 844 2140 Quodsi
855 2081 950 2125 tumen
956 2066 1026 2123 civis
1032 2066 1153 2123 militem
1162 2063 1243 2137 iuius
1252 2070 1331 2117 voce

269 2158 308 2215 ad
320 2177 416 2233 poenas
434 2159 622 2232 expetendas,
638 2171 780 2219 statuetur
795 2161 999 2219 controversia
1012 2158 1104 2234 judea
1116 2157 1249 2213 tribunus
1262 2152 1332 2209 mili·

270 2262 349 2322 tum,
363 2250 497 2313 ramniu
511 2250 628 2309 indutus
643 2263 721 2311 veste
735 2273 800 2311 urm
817 2246 876 2310 suis
889 2252 1046 2331 grandibus
1057 2248 1174 2318 calceis,
1188 2262 1216 2306 et
1228 2244 1330 2323 magnis

269 2343 432 2420 torosisque
442 2348 585 2415 cruribus,
597 2365 629 2403 ac
640 2355 723 2401 vasto
734 2362 857 2419 corpore
866 2343 1000 2401 subsellia
1012 2353 1070 2398 tota
1084 2342 1223 2417 impleus:
1235 2353 1332 2411 nempe

269 2449 303 2494 ut
318 2451 469 2497 serventur
487 2430 587 2517 pris'cae
601 2440 691 2514 leges,
713 2449 743 2497 et
762 2437 876 2494 Camilli
895 2436 1109 2513 praescriptum,
1131 2454 1191 2511 quo
1204 2443 1332 2491 vetantur

269 2530 374 2588 milites
383 2544 463 2590 extra
472 2535 578 2591 vallum
590 2543 618 2589 et
628 2532 871 2608 procularexillis
881 2550 1008 2589 caussam
1017 2532 1122 2588 dicere.
1133 2528 1330 2605 Equissimum

272 2632 329 2693 est,
343 2623 454 2697 inquis,
472 2635 505 2681 ut
518 2626 555 2682 de
569 2625 668 2683 militis
681 2642 779 2681 caussa
795 2635 971 2702 cognoscant
986 2623 1186 2691 centuriones,
1207 2622 1257 2697 qui
1271 2629 1331 2675 snat

270 2714 346 2771 illius
357 2716 485 2791 germani
492 2718 612 2791 judices,
623 2736 748 2793 quorum
758 2728 801 2773 est
811 2726 938 2791 spectata
948 2717 1077 2790 probitas
1088 2726 1118 2773 et
1123 2714 1243 2789 justitia3
1252 2724 1332 2786 atque

270 2805 343 2861 adeo
359 2804 424 2863 fieri
443 2825 503 2863 non
522 2820 630 2882 potest,
651 2809 723 2884 quin
740 2827 837 2884 poenas
858 2808 930 2865 mihi
950 2808 1000 2864 det
1016 2808 1114 2878 miles,
1133 2806 1157 2864 si
1174 2808 1262 2882 justas
1279 2820 1331 2860 esse

270 2918 347 2955 meas
365 2902 494 2973 querelas
513 2902 686 2971 ostender03
704 2915 765 2960 esto
783 2921 868 2973 sane;
890 2913 920 2957 at
936 2902 1040 2958 cohors
1058 2911 1154 2956 tamen
1172 2901 1282 2976 integra
1293 2904 1330 2951 est

270 2992 387 3061 infesto,
398 3004 427 3050 et
438 3012 538 3052 omnes
549 2995 688 3070 manipuli
699 3015 760 3055 una
769 3015 842 3055 voce
852 2992 1050 3064 adversantur,
1060 3006 1148 3069 atque
1158 2994 1328 3068 obstrepunt·

272 3084 352 3153 Quid
364 3084 452 3167 igitur
466 3083 623 3159 proficietis
635 3097 667 3145 tu
680 3106 714 3145 ac
726 3089 818 3166 togati
831 3089 1006 3165 quicumque
1017 3087 1138 3145 militem
1148 3080 1327 3145 accusabunt?

273 3174 401 3233 efficietis
411 3177 467 3233 lroc
477 3176 578 3252 utique
588 3196 679 3237 unum
689 3220 699 3251 ,
716 3190 751 3236 nt
764 3180 835 3239 dum
849 3179 998 3241 vindicam
1009 3180 1097 3237 vulsis
1107 3179 1256 3254 injur'am,
1267 3194 1327 3253 gn·

271 3268 356 3327 viora
366 3269 449 3325 vobis
463 3262 607 3329 smdssatis
620 3274 709 3342 mala,
729 3292 815 3348 qnam
831 3275 892 3350 ipsa
908 3274 1004 3332 fuerat
1018 3272 1138 3346 injurie,
1153 3292 1210 3348 pro
1225 3291 1274 3346 qua
1285 3268 1327 3341 jv·

272 3362 366 3421 dicem
377 3360 586 3437 interpellastis.
599 3365 702 3440 Itaque
711 3376 770 3423 tam
779 3365 885 3425 stolide
893 3366 1005 3431 facian
1013 3364 1136 3423 militen
1146 3364 1267 3423 socasiu
1274 3362 1326 3435 ῥῶ,

271 3474 358 3529 quam
364 3456 510 3533 Vigellius
521 3452 571 3512 ille
578 3456 755 3515 declamator
766 3459 878 3516 mulino
889 3458 979 3517 eorde
986 3458 1134 3534 pertinax,
1146 3459 1199 3534 qui
1206 3456 1324 3533 pessirw

272 3565 385 3621 semper
398 3567 507 3614 caussas
526 3549 644 3624 suscipit
657 3550 861 3608 defendendas.
877 3553 972 3621 Quam
986 3561 1030 3609 est
1045 3550 1123 3608 euim
1136 3548 1324 3610 tenentium,

274 3656 364 3712 quum
380 3642 439 3699 duo
460 3642 513 3699 tibi
536 3654 647 3701 tuntum
666 3643 726 3699 sint
742 3662 844 3713 creua,
865 3662 956 3718 eaque
968 3642 1088 3701 minime
1101 3644 1196 3701 ocreis
1214 3640 1322 3703 mamm

272 3730 421 3791 offendere
433 3746 474 3791 tot
490 3737 690 3805 centuriones,
704 3737 878 3807 mamiliam,
892 3756 1018 3811 quorum
1031 3737 1128 3813 caliges
1139 3736 1240 3795 terreis
1250 3728 1322 3791 davit

273 3825 399 3883 omnies
414 3838 495 3901 parte
509 3844 575 3887 sunt
589 3828 813 3906 prefixaeidge
825 3849 913 3901 vero,
927 3848 1013 3905 quern
1029 3829 1156 3905 reperias
1166 3840 1223 3885 tam
1236 3820 1320 3903 promi

273 3934 289 3973 a
302 3916 392 3985 Roma
414 3920 455 3976 tui
472 3919 647 3978 detrudendi
660 3942 756 3979 caussa
770 3921 851 3980 abire
866 3922 1071 3991 sustinentem,
1089 3940 1177 3996 quem
1193 3920 1262 3978 adeo
1278 3908 1320 3970 tibi

273 4008 412 4079 amicum,
429 4021 487 4070 tam
500 4012 595 4085 prisco
611 4014 653 4071 illi
668 4015 768 4089 Pyladi
776 4015 921 4095 similem,
940 4025 975 4070 ut
987 4012 1095 4070 vallum
1110 4013 1243 4081 naurire,
1260 4005 1319 4063 Μ

273 4112 364 4161 castra
374 4092 467 4160 media
479 4114 573 4161 tectam
586 4108 739 4183 progredi,
750 4108 789 4165 ad
801 4107 955 4168 dicendum
968 4107 1199 4166 coummilitem
1209 4102 1317 4164 testim&
