2784 4917
262 424 305 503 34
423 414 595 485 VARIAE
616 410 911 480 LEGTIONES
933 411 999 477 ET
1021 410 1179 479 NOTAE

298 528 1330 600 Vin.103.Loquuumr,13,nn‚.ct,et1ld83Pericqnodnnnepruvulg.

261 624 390 689 loquentur
396 632 508 667 revocavi
500 614 647 665 cnmAcb
661 614 719 679 quin
731 614 844 679 requitur
852 612 973 662 clamant

299 717 369 769 Nor.
394 712 452 765 103.
474 714 518 774 Ut,
532 707 664 781 quamvis.
681 736 717 746 -
733 711 849 758 Iumenta
857 706 1101 774 loquuntureteuuu
1112 716 1224 771 etpoetn
1235 716 1261 755 et
1271 723 1334 754 mur·

263 818 349 858 mora,
373 792 602 868 quemtdmodum
619 790 766 863 proverbio
784 788 887 843 dicitur
905 793 980 841 etiam
1000 808 1068 840 saxu
1087 792 1222 858 loqueuutr.
1243 788 1335 842 Confer

263 882 385 953 Propert.
399 881 429 945 Ι,
446 879 493 941 18,
505 884 533 942 4,
547 876 687 929 Hnbucuc.
697 874 742 937 11,
757 891 803 939 113
817 872 918 926 Catuli.
933 872 991 940 VI,
1004 891 1035 942 7,
1050 871 1143 944 ibique
1154 872 1282 943 Doering.
1366 894 1370 900 ’

299 1052 366 1098 vin.
388 1051 445 1099 10⁵.
468 1046 549 1107 Tolle,
561 1046 601 1094 15.
620 1043 711 1095 Tullito
722 1059 770 1107 pro
778 1043 846 1107 vulg.
855 1042 933 1091 tollite
942 1058 1012 1091 nuuc
1022 1044 1104 1110 recepi
1116 1060 1175 1093 cum
1184 1043 1250 1091 teu.
1257 1060 1289 1092 ex
1300 1059 1337 1096 ro,

265 1134 312 1192 ιε,
329 1135 377 1191 16,
395 1128 1335 1191 cumaeo·1⁸,masonis-⁵0.st—u‚⁷1—n‚w‚et‹ni·

263 1214 370 1264 buedum
381 1212 462 1262 Codd.
474 1213 551 1260 Puris.
564 1228 622 1259 urm
635 1210 711 1258 verba
721 1210 812 1258 claude
824 1220 849 1257 et
854 1210 936 1275 junge
946 1211 1099 1276 precedunt.

298 1308 370 1361 Non.
392 1304 452 1357 105.
473 1307 536 1356 Vela
552 1316 635 1371 tegant
647 1305 740 1368 rimas,
755 1303 828 1357 conl.
843 1304 963 1357 Murtiul.
978 1307 1008 1369 1,
1021 1304 1069 1370 35,
1085 1304 1101 1358 5
1115 1324 1169 1376 eeq.
1187 1304 1246 1366 xl,
1266 1304 1335 1368 46st

262 1408 317 1461 seq.
334 1400 460 1460 etrupra
477 1386 586 1453 udv1‚
610 1386 669 1439 228.
685 1417 722 1429 -
741 1390 812 1439 Ostia
828 1402 852 1439 et
861 1392 953 1455 janua
971 1406 1064 1461 propr.
1083 1388 1215 1442 dicuntur
1229 1389 1297 1441 sores
1312 1388 1337 1439 iu

263 1470 403 1525 liminibus
422 1469 535 1534 aedium,
559 1470 702 1523 introitum
722 1468 834 1537 duntee,
850 1473 927 1543 quusi
947 1492 974 1523 us
994 1484 1023 1525 et
1041 1476 1142 1523 lanum,
1165 1471 1269 1525 Confer
1286 1471 1336 1523 Cic.

263 1559 312 1693 N.d
323 1558 356 1611 D.
384 1575 490 1693 '¹⁵²7‘
504 1559 585 1625 junge
605 1557 684 1620 ostia,
708 1554 823 1623 claude,
844 1568 876 1609 ut
889 1560 991 1626 junctae
1004 1558 1133 1627 fenestms
1153 1554 1225 1609 dixit
1248 1556 1339 1608 Hortt.

267 1642 292 1695 Ο
314 1681 321 1695 .
345 1642 375 1703 Ι,
399 1659 413 1691 n
441 1679 449 1705 ,
476 1659 499 1693 1.

300 1803 370 1848 Vn.
390 1800 448 1847 106.
470 1798 584 1848 Clamant
592 1806 615 1845 et
624 1798 737 1846 clament
745 1814 833 1847 omnen
841 1796 923 1847 Codd.
934 1798 1016 1845 uortri
1027 1808 1053 1845 et
1065 1798 1141 1845 Puris.
1152 1812 1200 1845 uec
1210 1811 1267 1845 nou
1276 1793 1340 1852 45-

264 1883 375 1943 5ο,·54,
392 1879 442 1941 55,
464 1882 582 1945 57-69,
599 1895 641 1941 71,
658 1896 707 1941 μ,
724 1881 771 1940 ¹73,
792 1897 834 1942 77.
855 1880 967 1926 Taceaut
982 1878 1111 1927 substituit
1127 1879 1254 1938 Pithoeus,
1273 1895 1340 1941 quern

264 1966 342 2014 secuti
356 1974 414 2012 suut
431 1962 538 2010 editum
555 1972 671 2019 retentu,
687 1974 804 2025 putentes
817 1962 879 2010 illud
897 1972 985 2011 contre
1000 1974 1110 2011 ruentem
1126 1974 1205 2027 poeta
1223 1965 1283 2013 dici.
1298 1965 1341 2013 Sed

264 2059 329 2098 recte
350 2064 404 2095 eum
422 2045 516 2109 cupiere
535 2044 633 2093 videtur
647 2046 713 2095 tch.
736 2062 787 2109 qno
804 2057 930 2110 praeeuute
946 2062 1030 2094 rerum
1047 2056 1072 2093 et
1089 2056 1139 2095 eut.
1157 2046 1216 2097 leot.
1236 2048 1341 2096 omnium

264 2134 387 2181 librorum
398 2145 467 2179 nunc
476 2128 571 2177 restitui
581 2138 606 2175 et
616 2130 710 2177 mutavi
723 2128 917 2178 distinctionem.
933 2129 1022 2177 Tollite
1033 2129 1115 2178 lumen
1124 2130 1147 2176 E
1158 2130 1256 2188 medio,
1269 2132 1343 2181 eluces

265 2230 367 2277 omnes,
381 2228 459 2278 prope
472 2228 543 2260 nemo
557 2212 686 2260 recumbat
695 2214 793 2261 emend.
804 2212 924 2261 Sohunfl.
936 2214 994 2277 quit
1007 2228 1060 2260 uun
1074 2222 1129 2277 epte
1142 2214 1242 2262 dicutur
1256 2231 1340 2269 ornnes.

264 2300 287 2347 ni
296 2298 343 2347 coli
353 2307 396 2345 rut
404 2286 458 2344 bini
467 2296 519 2344 tint
528 2296 594 2343 intra
603 2296 739 2345 conclavia.
749 2300 806 2361 Ipse
820 2296 881 2344 olim
894 2296 1039 2361 suspicabar
1039 2296 1156 2360 jaceant,
1168 2298 1224 2347 teil,
1237 2299 1264 2346 in
1275 2298 1344 2357 lecto,

265 2400 308 2431 eeu
318 2396 407 2430 rouruo
417 2390 442 2427 et
453 2379 533 2427 medie
543 2389 615 2427 nocte
627 2377 680 2445 (aa
688 2390 787 2427 cautum
798 2379 876 2444 gatti,
887 2396 924 2426 re.
937 2394 994 2442 107,
1006 2395 1057 2444 quo
1069 2380 1230 2444 potissimum
1239 2391 1344 2445 tempore

265 2465 359 2531 aliquid
373 2466 435 2513 clam
448 2462 503 2512 fieri
515 2473 597 2529 potent
609 2474 633 2511 et
647 2464 725 2529 tolet)
741 2480 824 2512 omnes
836 2464 903 2512 nervi
914 2479 943 2511 ac
956 2464 1058 2527 reliqui,
1072 2464 1157 2529 quiin
1169 2465 1268 2515 adibus
1281 2476 1344 2521 sunt,

265 2562 289 2599 et
302 2550 393 2599 remoti
407 2566 420 2597 u
433 2546 549 2597 cubiculo
563 2545 675 2609 domiui,
684 2565 765 2613 prope
778 2548 828 2596 hoc
843 2548 988 2595 cubiculum
1002 2564 1073 2595 nemo
1090 2549 1230 2610 recumbat,
1244 2562 1290 2599 etc
1301 2550 1344 2598 Sed

265 2649 318 2683 uon
328 2643 376 2692 eet,
389 2631 457 2695 quod
465 2630 638 2692 emendemur,
647 2646 702 2696 quae
713 2632 771 2679 eutis
782 2630 949 2691 conveniunt,
961 2641 986 2677 et
996 2646 1146 2694 reponantur
1155 2644 1272 2697 taceant,
1283 2632 1345 2697 quod

267 2715 329 2764 mule
341 2724 500 2778 repeteretur.

303 2808 373 2863 Non.
395 2810 455 2861 106.
476 2810 592 2859 Clamant
601 2828 703 2875 omues,
718 2820 799 2861 tentet
809 2808 927 2861 insumite
940 2808 1032 2879 palum
1044 2806 1240 2875 adversantur,
1257 2823 1346 2864 contra

269 2905 415 2965 resurgunt
425 2912 434 2958 ;
444 2891 512 2946 Aah.
522 2893 600 2947 Cous.
613 2895 678 2947 Vnr.
688 2896 763 2947 Lect.
772 2925 807 2936 -
816 2900 895 2961 Prope
906 2892 1074 2947 cubicuium.

302 3065 372 3113 Vin.
394 3078 451 3124 1⁰7·
470 3061 664 3124 cotteanum,
678 3081 719 3127 rr,
732 3074 772 3123 ι4.
785 3091 820 3102 -
832 3067 902 3134 Ipse,
917 3081 960 3114 no.
969 3092 1006 3103 —
1016 3063 1167 3126 Secundum,
1186 3082 1227 3127 17,
1239 3084 1282 3129 7²·

304 3157 375 3209 Nor.
395 3174 454 3226 ¹07·
476 3159 552 3223 Quod
566 3172 648 3209 tamen
664 3161 708 3211 ille
725 3157 800 3211 diver
816 3157 943 3211 dominus
960 3176 993 3211 uc
1011 3156 1130 3211 cintedue
1138 3159 1221 3228 satit,
1240 3158 1347 3213 libidini

267 3239 427 3312 indulgent,
436 3242 474 3290 ad
483 3254 581 3291 cautum
589 3245 655 3308 galli
661 3244 778 3303 secundi,
790 3243 845 3295 boc
857 3255 910 3306 eut,
923 3241 1086 3306 secundum,
1097 3241 1222 3315 adeoque
1231 3256 1348 3317 tempore

268 3326 431 3379 antelucano
439 3361 447 3386 ,
456 3334 488 3377 ut
496 3342 559 3377 mox
568 3338 628 3377 ante
637 3330 717 3378 diem.-
727 3345 791 3378 num
805 3327 893 3397 gallus
904 3327 1023 3399 primum
1035 3345 1051 3379 a
1064 3326 1154 3379 medin
1167 3342 1250 3382 nocte
1264 3330 1349 3391 canit,

267 3422 295 3462 et
310 3407 409 3464 deinde
423 3406 513 3461 medio
528 3408 598 3461 inter
610 3410 760 3479 μεσονύκτιον
774 3422 802 3462 et
817 3428 944 3463 auroram
957 3411 1054 3483 spatio.
1074 3413 1168 3475 Quare
1184 3413 1253 3481 galli
1269 3425 1349 3466 noctu

269 3506 382 3558 cenant,
393 3490 549 3563 disquirunt
560 3492 616 3547 Cic
627 3493 688 3549 niv.
700 3494 745 3559 11,
754 3496 802 3557 263
814 3494 885 3547 Pliu.
898 3495 939 3561 X,
954 3514 1051 3557 21‚seu
1062 3496 1226 3564 nl(ubivid.
1239 3499 1350 3571 intpp.),

267 3587 297 3629 et
309 3575 375 3629 Coel.
390 3574 508 3647 Rhodig.
524 3577 603 3641 xlv,
618 3578 657 3632 13.
671 3607 708 3619 -
725 3577 849 3629 Mucrob.
861 3578 971 3630 Saturu.
982 3579 1009 3641 Ι,
1023 3580 1055 3643 3,
1070 3591 1176 3631 noctem
1186 3578 1289 3633 dividit
1303 3584 1351 3634 hoc

269 3656 373 3711 ruodo:
390 3682 401 3703 ι
413 3659 531 3730 primum
549 3672 654 3732 tempus
671 3672 713 3713 eet
729 3657 824 3712 media
842 3659 929 3712 noctis
950 3660 1105 3725 inclinatio,
1123 3660 1224 3715 deiude
1247 3665 1350 3735 gallici·
1390 3651 1391 3658 ἵ

267 3739 358 3805 nium,
377 3754 440 3811 post
457 3743 647 3811 conticinium,
662 3762 748 3816 quum
762 3756 789 3795 et
805 3742 871 3814 galli
887 3743 1086 3808 conticescunt,
1102 3758 1129 3799 et
1146 3747 1293 3817 quiescunt
1307 3751 1351 3801 ho·

269 3821 362 3876 minet.
371 3848 382 3869 ι
401 3824 455 3877 En.

299 3984 366 4030 Vtri.
389 3983 445 4029 ποθ.
464 3980 541 4043 Sciat,
555 3986 601 4039 45,

299 4072 371 4127 Nou.
394 4073 452 4126 108.
472 4075 752 4141 met'musfvicinuu,
766 4077 912 4143 finitimus,
925 4098 1005 4146 euripo
1018 4094 1079 4131 ante
1089 4082 1170 4144 diem,
1184 4084 1242 4155 jum
1255 4084 1350 4138 eodem

263 4156 319 4210 seru
335 4170 469 4229 tempore,
489 4175 543 4229 quo
563 4158 733 4226 factumest,
748 4162 833 4232 panio
848 4176 910 4234 post
925 4166 998 4226 sciet,
1017 4164 1129 4219 acervi·
1146 4167 1312 4239 comperiet,
1329 4182 1351 4217 ee
