2784 4917
207 317 212 324 ¹
261 373 327 462 376
555 374 596 438 n
616 371 748 438 suun
769 367 1037 436 iuvemus

259 490 328 556 Aut
346 485 481 582 gravius
500 483 610 556 cultro
631 484 729 556 timet
746 483 879 554 hostia:
901 484 961 578 qui
976 481 1082 553 modo
1096 507 1186 555 casus

258 594 400 690 Impulit
412 594 496 666 bos?
509 619 583 691 quae
596 609 690 664 tanta
706 593 811 663 fames
824 592 1013 689 infestaque
1028 592 1117 664 vallo

258 708 363 775 Arma
381 717 582 800 coegerunt,
599 719 668 774 tam
682 699 879 774 detestabile
894 709 1086 776 monstrum

145 897 149 906 Ι
257 812 416 883 Auderel
432 839 521 884 anne
538 812 656 899 aliam,
674 829 764 888 terra
777 814 1004 909 Memphitide
1022 814 1128 912 sicca,

259 922 430 992 Invidiam
447 919 595 998 facerent
610 921 742 993 nolenti
756 949 896 1020 surgere
913 919 1019 996 Nilo?

258 1034 337 1121 Qua
354 1056 419 1101 nec
439 1031 603 1102 terribiles
620 1033 767 1120 Cimbri,
784 1058 850 1105 nec
867 1035 1021 1104 Britones
1037 1057 1216 1128 umquam,

260 1146 510 1213 Sauromataeve
526 1158 658 1230 truces,
674 1159 735 1214 aut
749 1145 911 1214 immanes
924 1143 1126 1239 Agathyrsi,
1274 1159 1322 1212 nt
1365 1155 1366 1200 l

261 1258 336 1323 Hac
348 1253 443 1323 saevit
455 1254 548 1324 rabie
564 1251 701 1324 imbelle
719 1269 755 1325 et
771 1251 892 1324 inutile
909 1253 1050 1348 vulgus,
1365 1243 1366 1260 ¹

260 1361 406 1432 Parvula
420 1360 580 1438 fictilibus
593 1361 729 1434 solitum
743 1363 824 1434 dare
837 1361 910 1432 vela
921 1363 1087 1460 phaselis,

259 1477 306 1543 Et
317 1473 477 1542 brevibus
491 1474 590 1568 pictae
604 1474 703 1547 remis
716 1473 913 1547 incumbere
928 1487 1031 1544 testae.

311 1585 384 1656 Nec
399 1608 534 1678 poenam
550 1583 668 1656 sceleri
687 1584 853 1672 invenies,
871 1608 935 1654 nec
950 1584 1054 1678 digna
1068 1580 1204 1678 parabis
1365 1547 1366 1630 l

262 1693 437 1789 Supplicia
454 1694 508 1764 his
525 1693 677 1790 populis,
699 1693 896 1788 inquorum
912 1708 1024 1763 mente
1040 1717 1137 1788 pares
1149 1706 1228 1762 sunt
1282 1703 1331 1766 rto
1365 1743 1366 1756 ,

261 1807 308 1873 Et
320 1799 443 1874 similes
457 1804 507 1871 ira
521 1818 623 1897 atque
637 1803 755 1874 larnes.
769 1800 969 1874 Mollissima
981 1803 1085 1874 corda

192 1960 196 1968 ·
262 1917 424 1983 Humano
442 1914 560 2006 generi
577 1912 659 1981 dare
676 1936 713 1981 se
730 1914 863 1983 Natura
877 1911 1013 1998 fatetur,
1105 1963 1109 1971 -

264 2030 350 2115 Quae
363 2021 521 2092 lacrimas
535 2021 628 2091 dedit
642 2048 650 2090 :
666 2023 739 2090 haec
754 2020 863 2092 nostri
880 2045 959 2116 pars
975 2022 1105 2116 optima
1116 2045 1241 2094 seusus.

264 2132 401 2203 Plorare
416 2155 499 2225 ergo
513 2131 611 2225 jubet
625 2154 741 2201 casum
756 2127 902 2225 lugentis
918 2130 1055 2218 aruici‚2

264 2239 530 2336 squaloremque
545 2241 615 2328 rei,
632 2237 801 2335 pupillum
814 2239 944 2337 adjura
957 2253 1137 2311 vocantem
1289 2251 1334 2316 1³5

263 2479 376 2556 aliquid
399 2477 629 2538 sacrificulorum
652 2477 753 2541 cultris
778 2480 933 2556 patiuntur.
965 2483 1005 2538 At
1030 2478 1175 2556 Egyptiis
1198 2475 1268 2553 quid
1290 2475 1335 2530 iu-

263 2573 389 2633 tortunii
408 2571 526 2631 undem
540 2573 613 2642 tuit,
625 2592 679 2635 cur
691 2584 750 2630 tam
760 2573 885 2632 immam
896 2572 1007 2650 facium
1019 2571 1172 2630 admittere
1185 2567 1334 2634 auderent?

265 2669 313 2722 An
333 2665 472 2722 diuturna
491 2675 521 2724 et
535 2676 621 2722 atrox
641 2664 749 2723 tamesi
770 2685 808 2723 an
823 2665 967 2726 exercitus
983 2664 1129 2733 bostium,
1150 2662 1229 2721 vallo
1246 2672 1276 2718 et
1290 2679 1335 2718 ar-

265 2758 321 2812 mis
344 2757 450 2814 urbem
468 2755 689 2818 obsidentium?
707 2756 739 2815 si
763 2757 846 2816 Nilus
869 2757 962 2816 nollet
980 2755 1128 2822 exundare
1153 2753 1185 2812 in
1204 2772 1289 2831 agros
1308 2761 1333 2808 et

266 2847 380 2905 effundi
396 2867 453 2923 pro
471 2866 570 2919 more,
591 2849 632 2906 ita
654 2861 689 2906 ut
708 2848 783 2908 sicca
802 2862 833 2908 et
851 2850 1006 2912 infecunda
1026 2852 1170 2927 AEgyptus
1188 2848 1283 2917 foret,
1302 2865 1335 2902 m

265 2950 403 3015 poterant
418 2959 486 2997 eum
502 2939 638 2998 odiosum
656 2951 686 2998 et
702 2941 830 3008 invisum
846 2943 937 3020 magis
955 2941 1096 3012 reddere,
1114 2959 1203 3015 quam
1220 2940 1244 2996 si
1260 2939 1335 2996 dice-

265 3043 348 3089 retur
365 3031 520 3107 AEgyptios
536 3051 597 3107 prae
613 3032 690 3092 same
708 3034 836 3111 coegisse
851 3035 889 3092 ad
904 3035 1043 3092 humanas
1061 3049 1162 3112 carues
1180 3027 1334 3100 uomodo?

265 3125 348 3180 ltaue
357 3142 428 3189 vero
437 3122 562 3181 imbellis
575 3135 605 3182 et
614 3125 726 3182 inutilis
735 3127 901 3202 plebecula,
915 3145 978 3201 quae
987 3125 1125 3200 navigare
1134 3125 1210 3192 solet
1220 3123 1252 3189 in
1262 3139 1333 3199 cym-

264 3217 311 3275 bis
324 3235 360 3274 ex
376 3216 478 3292 argilla
488 3217 641 3288 conlectis,
657 3237 763 3292 easque
774 3219 864 3276 variis
876 3218 1025 3285 coloribus
1036 3218 1127 3294 pictas
1135 3217 1248 3295 exiguis
1256 3215 1333 3274 remis

264 3311 395 3387 velisque
408 3309 546 3386 dirigere,
560 3320 669 3367 tantam
676 3311 857 3387 exprompsit
866 3311 987 3382 rabiem,
998 3321 1104 3386 quanta
1114 3329 1210 3386 neque
1220 3305 1331 3374 Cimbri,

264 3424 362 3481 neque
376 3403 525 3474 Britones‚
539 3423 635 3479 neque
645 3405 782 3460 Sarmatae
796 3414 846 3460 aut
858 3401 1018 3482 Agathyrsi
1027 3402 1142 3474 scrire,
1163 3421 1266 3462 omnes
1276 3417 1332 3458 cru-

268 3496 422 3566 delissimi,
434 3494 592 3572 aliquando
605 3495 749 3570 comperti
764 3496 852 3552 sunt?

309 3606 375 3662 1²9·
396 3588 518 3643 Nullum
535 3584 670 3662 supplicii
685 3605 776 3660 genus
793 3585 936 3655 inveniri,
954 3603 1009 3642 uec
1028 3605 1112 3662 poena
1128 3596 1229 3662 potest
1246 3579 1331 3661 parari

266 3680 355 3754 digna
370 3681 527 3736 sceleribus
539 3680 719 3756 populorum
732 3679 872 3746 istorum,
890 3677 942 3754 qui
956 3679 1097 3752 perirem
1110 3698 1143 3737 ea
1157 3678 1330 3736 committunt

266 3791 330 3845 quae
341 3790 395 3846 per
402 3771 505 3828 famem
514 3773 625 3830 caeteri:
635 3791 732 3830 mores
740 3771 883 3846 benignos
892 3782 922 3829 et
931 3771 1073 3830 humanos
1084 3783 1214 3830 auctura
1224 3773 1330 3847 ingene·

266 3873 345 3919 ratos
360 3861 446 3918 luisse
459 3863 647 3933 mortalibus,
665 3866 712 3921 vel
720 3864 791 3930 inde
803 3874 930 3934 constat,
943 3865 1025 3940 quod
1035 3883 1090 3922 nos
1103 3865 1247 3940 proclives
1257 3858 1328 3919 fiuxit

266 3956 304 4012 ud
312 3953 453 4013 lacrimas.
469 3957 537 4012 Haec
546 3975 612 4030 pars
622 3958 755 4014 humanae
766 3957 885 4028 indolis,
895 3958 954 4013 baec
966 3957 1067 4014 alienae
1079 3957 1246 4016 calamitatis
1259 3970 1327 4010 com·

266 4046 428 4118 miseratio,
444 4048 575 4104 omnium
588 4051 677 4105 animi
691 4049 879 4108 affectionum
889 4050 999 4126 optima
1009 4061 1061 4108 est.
1076 4054 1172 4110 Docet
1185 4070 1239 4109 nos
1251 4048 1326 4126 igitur

266 4152 371 4199 natura
379 4138 567 4214 ingemiscere
576 4181 583 4209 ,
594 4159 685 4216 quum
695 4141 800 4218 aliquis
810 4143 918 4200 amicus
927 4153 1087 4216 accusatur,
1094 4153 1124 4202 ct
1131 4163 1255 4201 caussam
1261 4133 1326 4214 apul
