2784 4917
240 440 443 509 samso
467 398 680 513 oncrum
703 448 956 519 ANALYsts.
1090 460 1134 543 ⁴9

340 894 575 983 SATIRAE
610 890 864 985 DECIMAE

485 1074 711 1131 ANALYSIS.
797 1116 802 1131 .

110 1310 191 1368 Satira
198 1310 259 1369 haec
270 1313 409 1387 praeclara
423 1320 479 1383 est,
490 1320 520 1367 et
533 1310 566 1369 in
576 1310 789 1387 perfectissimis
801 1311 951 1372 luvenalis
959 1315 1135 1376 carminibus

78 1414 287 1489 adnumeranda,
300 1437 364 1493 qnae
375 1428 471 1475 tamen
481 1416 658 1473 tractationis
665 1416 757 1493 magis
766 1416 972 1495 philosophicae
981 1423 1029 1479 vel
1037 1422 1135 1483 deols·

78 1521 207 1593 mationis,
221 1540 311 1597 quam
324 1521 418 1579 satirae
431 1521 555 1597 speciem
569 1540 629 1597 prae
643 1540 674 1578 se
693 1520 772 1577 serre
791 1520 1019 1582 videmussed
1033 1539 1134 1587 noster

77 1622 160 1697 docet,
171 1626 304 1684 homines
318 1636 432 1683 tantum
444 1644 504 1683 non
518 1644 617 1683 omnes
630 1645 735 1702 parum
749 1626 927 1705 intelligere,
943 1650 1007 1706 quae
1020 1651 1090 1690 vers
1104 1647 1134 1692 ει

76 1746 129 1801 qnae
146 1729 260 1805 opinata
281 1731 339 1789 sint
353 1730 444 1802 bona,
461 1748 582 1805 eamque
602 1730 641 1787 ob
662 1750 775 1788 causum
793 1732 928 1791 omnibus
949 1735 1039 1811 vulgo
1057 1738 1133 1795 votis

77 1844 210 1907 expetere,
223 1856 288 1911 quse
300 1834 356 1893 sibi
366 1835 498 1893 nocitura
510 1834 576 1891 sint
589 1834 665 1893 Hinc
678 1837 830 1896 rhetorum
838 1856 936 1910 more,
949 1858 1036 1913 quem
1047 1841 1132 1899 etiam

74 1936 166 1997 inSst.
180 1942 253 1997 xm
273 1952 412 2016 sequutus
432 1952 488 2013 est,
504 1942 631 2017 primunr
644 1941 676 1996 in
691 1941 815 1999 exordio
834 1942 917 2017 quasi
930 1942 1062 2001 breviter
1073 1964 1134 2005 me·

74 2056 168 2116 norst,
180 2046 286 2103 deinde
300 2044 417 2121 copiose
427 2045 612 2121 persequitur
622 2064 654 2103 ea
668 2046 760 2117 hona,
772 2066 900 2123 quorum
913 2048 1070 2125 cupiditate
1081 2052 1134 2111 de·

73 2146 355 2225 siderioquemaxime
365 2146 511 2217 ardemus,
525 2148 1133 2232 etquamnoxiaoptantibuseaplerumque

73 2254 120 2311 sint
131 2274 162 2312 ac
172 2256 296 2327 inerint,
310 2252 461 2331 aptissimis
474 2252 600 2310 ostendit
610 2256 765 2330 exemplis,
780 2274 817 2313 ex
826 2256 947 2315 historia
959 2260 1129 2338 desumptis;

72 2376 126 2431 quae
135 2358 250 2433 quidem
264 2358 372 2435 optima
384 2355 529 2433 probandi
539 2356 613 2414 ratio
627 2369 679 2415 εει.
691 2360 832 2436 Exempla
842 2362 921 2418 enirn
933 2363 971 2419 ad
982 2383 1055 2438 rem,
1066 2386 1130 2443 quae

73 2464 232 2538 explicatur,
247 2464 427 2541 perspicuam
441 2461 526 2519 nobis
541 2462 722 2521 reddendam
739 2465 829 2543 longe
847 2466 913 2541 plus
927 2468 1026 2525 valent
1042 2489 1131 2548 argu-

72 2570 174 2643 mentis,
182 2568 379 2645 efficiuntque,
387 2578 421 2625 ut
429 2568 521 2625 lector
531 2566 575 2625 rei
583 2568 747 2640 veritatem,
756 2588 844 2644 quarn
853 2579 936 2625 antea
945 2587 1132 2648 perspexerat

71 2673 203 2746 universe,
213 2692 292 2731 nnnc
303 2672 383 2749 quasi
393 2682 459 2729 ante
470 2672 570 2730 oculos
582 2671 688 2728 videat.
701 2674 737 2729 In
746 2672 800 2730 hac
809 2672 929 2748 quidem
940 2672 1129 2751 dispositione

70 2782 182 2855 partium
196 2792 225 2840 et
239 2778 460 2855 conjunctione,
472 2778 565 2855 qualis
577 2778 663 2834 etiam
677 2788 721 2835 est
730 2777 831 2837 insat.
842 2778 886 2835 VI
899 2789 929 2837 et
939 2780 1013 2838 XIII
1021 2824 1030 2855 ‚
1048 2786 1128 2843 nulla

70 2884 184 2942 cernitur
198 2902 245 2941 ars
257 2882 370 2959 poetica
380 2882 465 2960 (nam
475 2882 595 2959 singulte
606 2900 642 2937 eo
656 2882 762 2939 ordine
775 2897 866 2957 eaque
878 2882 1057 2957 transitione,
1070 2906 1128 2963 qua

69 2988 309 3048 indeclamatione
321 2989 429 3065 aliqua,
444 2989 500 3047 sibi
519 2987 678 3045 succedunt
687 2986 714 3065 );
732 2996 762 3043 at
777 2993 859 3043 tanto
873 2986 967 3060 major
979 2988 1011 3043 in
1027 3008 1126 3048 earum

69 3098 259 3169 ειοεεειίοιιε,
274 3114 338 3171 quae
351 3092 529 3152 admirabilis
543 3102 586 3150 εει
599 3102 628 3149 ει
639 3088 882 3148 excellentissima.
894 3091 1023 3148 -Idem
1037 3112 1125 3171 argu-

69 3213 197 3273 mentum,
212 3210 318 3277 prater
330 3197 487 3256 Lucianum
498 3196 640 3274 (lcarom.
654 3214 720 3273 pag.
735 3192 809 3266 205,
823 3206 853 3251 et
863 3194 966 3271 Navip.
977 3214 1029 3252 seu
1039 3198 1125 3269 Vota,

69 3324 123 3383 pag.
138 3314 205 3383 491,
226 3317 298 3364 tom.
320 3306 362 3375 11,
385 3302 453 3360 edit.
468 3300 584 3381 Grac.)
599 3312 628 3359 ει
647 3301 834 3359 Aristotelem
849 3300 979 3374 aliosque
993 3302 1125 3374 Graecos,

69 3428 180 3483 quorum
192 3410 263 3467 libri
276 3406 335 3485 napi
345 3410 456 3482 Εὖχῆεε
470 3406 584 3463 laertio
594 3414 623 3463 et
633 3408 737 3463 Proclo
748 3406 912 3474 laudantur,
923 3404 1040 3479 copiose
1051 3416 1126 3464 trac-

68 3516 218 3573 tatitPlato
227 3516 258 3572 in
271 3512 366 3571 Alcib.
379 3514 423 3581 11,
435 3510 487 3587 qni
496 3511 641 3588 dialogus,
650 3510 754 3585 passim
765 3510 797 3565 in
809 3512 971 3567 Comment.
982 3509 1125 3583 laudatus,

66 3620 177 3679 Socratis
189 3620 323 3680 continet
336 3614 497 3675 doctrinam
511 3615 547 3672 de
558 3613 708 3690 precibus,
729 3632 815 3688 qnam
827 3614 859 3667 in
874 3609 1029 3685 Epitornen
1043 3616 1125 3690 quasi

66 3727 192 3804 redegere
207 3722 521 3798 Xenoph.lt1ernorab.
538 3722 650 3778 Socrat.
664 3720 694 3786 1,
712 3716 741 3787 3,
761 3734 788 3785 a,
802 3726 831 3772 ει
850 3716 947 3771 Valer.
962 3716 1040 3774 Max.
1054 3720 1124 3788 vn,

66 3848 95 3899 a,
106 3842 159 3888 ext.
179 3850 206 3900 r,
222 3846 350 3905 quorum
366 3826 456 3883 verbs
475 3824 550 3882 inira
570 3822 608 3880 ad
624 3840 665 3877 vs.
689 3820 747 3890 347
763 3836 821 3894 seq.
836 3818 983 3896 adscripsi.
998 3822 1125 3879 Platonis

15 3958 16 3973 ι
66 3936 199 4014 dialogum
213 3933 361 3993 Iuvenalis
375 3942 441 3989 ante
456 3931 555 3989 oculos
568 3928 701 3986 hahuisse
715 3925 844 3999 videtur,
859 3926 912 3983 etsi
924 3937 1016 3985 totam
1034 3947 1072 3988 en
1090 3947 1125 3983 εο

66 4042 174 4101 &tirum
189 4058 355 4119 expressam
369 4058 428 4097 esse
445 4037 531 4096 uobis
543 4054 604 4093 non
620 4032 761 4110 persuasit
774 4032 909 4090 Heinsius
924 4034 961 4090 de
976 4034 1036 4092 Sat
1051 4033 1125 4088 Hor.

65 4164 117 4223 pag.
135 4166 197 4220 107.
213 4148 249 4203 In
259 4143 385 4203 secunda
397 4142 480 4199 etiam
495 4139 585 4198 Persii
599 4138 693 4197 Satira
706 4137 893 4213 reperiuntur
903 4139 1034 4213 quaedam
1047 4134 1129 4189 velut

137 4252 182 4321 II.
677 4306 688 4329 ,
953 4246 974 4317 4
