2784 4917
370 424 548 491 snrum
570 424 776 491 necrus.
1063 429 1106 511 og,

64 534 231 605 deiderit
247 536 382 624 domus,
398 564 440 608 ac
451 554 578 609 veteres
593 539 722 608 imitata
734 540 890 624 Sabinos,

64 644 206 715 Preteren
221 662 347 715 castum
363 648 558 743 ingenium,
573 646 770 742 vultumque
785 648 937 718 modesto
1056 664 1107 715 300

63 755 211 848 Sanguine
225 754 411 825 ferventem
426 756 551 825 tribuat
563 772 683 826 natura
696 759 843 855 benigna

63 864 154 958 lnrgu
170 888 292 951 manu,
304 866 399 961 (quid
413 868 502 935 enirn
517 892 623 963 puero
635 866 793 938 conferre
807 882 919 962 potest
932 865 1007 961 plus

65 974 190 1043 Custode
200 990 233 1043 et
246 1000 327 1044 cura
340 990 458 1045 natura
471 976 643 1071 potentior
655 974 787 1062 omuiil

66 1084 129 1150 Nou
142 1082 216 1155 licet
233 1110 303 1153 esse
317 1085 399 1155 viris
415 1112 423 1153 :
439 1110 516 1155 nam
531 1086 671 1181 prodiga
682 1084 890 1179 corruptoris

66 1192 460 1288 Improbitasipsosaudet
478 1210 609 1264 tentare
622 1208 789 1287 parentes.
1057 1212 1109 1265 305

66 1304 152 1371 Tanta
165 1304 196 1371 in
211 1306 407 1373 muneribus
418 1302 555 1375 fiducie!
571 1302 683 1373 nullus
694 1303 862 1398 ephebum

65 1409 240 1479 Deformem
257 1435 343 1480 saeva
356 1414 512 1482 castravit
527 1412 561 1480 in
577 1434 653 1481 arce
667 1426 849 1505 tyranuus3

66 1522 124 1587 Nee
136 1536 364 1615 pretextatam
379 1524 492 1615 rapuit
507 1523 601 1592 Nero
620 1519 821 1613 loripedem,
839 1519 893 1589 vel

64 1630 272 1717 strumosum,
286 1644 386 1724 atque
402 1645 500 1699 utero
518 1630 641 1724 pariter
655 1630 823 1724 gibboque
841 1644 1036 1701 tumentem.

66 1740 180 1826 lnune,
196 1754 230 1809 et
241 1740 379 1833 juvenis
393 1741 503 1833 specie
519 1737 629 1809 laetare
648 1740 718 1823 tui,
735 1763 837 1833 quem
1058 1756 1111 1809 ³10

66 1848 177 1941 Majors
195 1864 391 1943 exspectant
406 1845 618 1919 discrimina!
636 1848 694 1917 liet
709 1847 840 1917 adulter

65 1956 219 2045 Publicus,
233 1975 268 2029 et
283 1985 399 2054 poenus
413 1976 553 2047 metuet,
567 1984 797 2055 quascumque
810 1960 922 2029 mariti

64 2068 185 2162 Exigere
199 2070 295 2155 irati;
313 2093 376 2139 nec
389 2070 453 2139 erit
464 2069 592 2141 felicior
606 2085 694 2139 nstro

65 2176 177 2263 blattis,
191 2180 277 2247 utin
291 2176 428 2273 laqueos
445 2202 617 2272 nunquam
632 2178 779 2247 incidat:
794 2180 896 2274 exigit
913 2196 1025 2250 autem

66 2286 220 2357 Interdum
235 2286 289 2357 ille
305 2286 403 2356 dolor
417 2286 507 2381 plus,
526 2311 627 2380 quum
642 2286 691 2357 lex
709 2286 775 2358 ulla
788 2288 897 2358 dolori
1062 2308 1112 2361 315

66 2396 236 2468 Concussit:
252 2410 350 2467 neeut
361 2397 416 2466 bic
429 2396 539 2485 ferro;
553 2413 640 2467 secat
654 2396 710 2467 ille
723 2399 871 2467 cruentis
960 2389 968 2412 ⁸

66 2574 109 2631 tice
122 2577 284 2655 discipline,
303 2580 465 2655 priscorum
477 2581 652 2639 Sabinorum
666 2582 744 2652 ritu,
758 2580 856 2638 sobrie
866 2598 900 2637 ec
911 2598 1010 2637 severe
1025 2578 1115 2637 fuerit

66 2665 195 2742 educetus3
209 2671 343 2746 qumvis
353 2672 481 2729 indolem
492 2672 666 2729 castimonie
674 2683 834 2743 amentem,
844 2671 1003 2729 modestam
1015 2671 1115 2727 {eciem

65 2774 89 2813 tt
99 2762 198 2833 pudico
212 2764 324 2821 rubore
336 2764 471 2821 suffusum
483 2766 626 2840 occeperit
637 2784 654 2822 e
665 2764 793 2822 liberulis
804 2776 914 2821 mturae
924 2765 1003 2841 lorge
1013 2784 1115 2824 manu:

65 2846 145 2925 [qued
157 2856 236 2913 enim
249 2857 305 2931 ipsi
322 2856 492 2915 beneficium
508 2858 688 2933 prestantius
703 2857 805 2934 lergiri
814 2868 916 2913 ustura
926 2858 1042 2931 potest?
1053 2876 1117 2931 quae

64 2958 109 2997 ΙΝ
119 2948 249 3019 profecto
258 2948 324 3022 plus
335 2948 503 3007 custodibus
516 2950 651 3007 omnibus
664 2960 693 3007 et
706 2950 890 3007 cautionibus
900 2948 938 3004 sd
950 2949 1118 3005 senentiam

65 3036 223 3103 probitatem
239 3038 341 3115 velet).
359 3041 468 3097 Temen
483 3060 545 3099 nou
557 3042 737 3117 permittitur
750 3060 800 3098 eos
813 3041 893 3097 viros
907 3052 1038 3097 exstare:
1052 3059 1119 3096 uem

65 3129 170 3206 prodige
193 3130 375 3206 corruptoris
397 3132 500 3189 nefarii
514 3134 621 3189 melitis
637 3134 725 3191 audet
743 3134 822 3208 ipsos
839 3144 972 3207 pereutes
988 3133 1119 3191 muueri-

65 3218 107 3277 bus
116 3224 281 3293 sollicitem
295 3222 368 3279 udeo
380 3234 459 3279 certe
471 3242 536 3299 spes
547 3224 578 3281 iu
591 3224 794 3302 largitionibus
807 3224 900 3281 adest!
914 3224 1012 3281 nullus
1022 3235 1120 3300 tyran-

65 3328 108 3369 nus
116 3334 234 3389 puerum
244 3314 305 3389 jeus
314 3314 469 3388 puberem,
479 3314 503 3371 si
512 3314 650 3373 deformis
660 3316 764 3384 fuerit,
775 3316 807 3371 iu
819 3334 885 3371 erce
897 3314 961 3371 dira
972 3314 1120 3371 cestmvitt

65 3412 87 3455 et
96 3406 168 3463 Nero
178 3406 341 3482 ingenuum
349 3422 382 3461 ee
395 3405 524 3463 nobilem
534 3426 681 3481 uunquam
694 3407 808 3481 rapuit,
822 3407 848 3463 ei
859 3405 989 3462 distortis
999 3405 1122 3480 pedibus

66 3499 262 3573 tutsemplmlr
276 3496 472 3569 laborantem,
487 3498 511 3555 si
521 3510 623 3555 ventre
635 3498 748 3574 puriter
760 3516 793 3553 ec
802 3497 894 3571 gibbo
903 3492 1066 3571 turgentem
1078 3496 1122 3553 in·

65 3590 170 3647 venerit.
184 3588 267 3645 Vnde
280 3605 372 3656 nnnc,
387 3598 416 3643 et
429 3590 523 3665 gaude
534 3590 650 3663 juvenis
666 3590 709 3647 tui
726 3586 958 3664 pulchritudine,
974 3606 1060 3661 quens
1073 3609 1123 3646 ex·

65 3692 179 3751 specum
191 3680 301 3754 majore
315 3682 455 3755 pericula!
471 3681 522 3739 liet
537 3682 669 3758 publicus
682 3680 814 3737 omnium
829 3690 1027 3737 mets-onerum
1041 3682 1124 3739 edol-
1141 3700 1147 3709 ·

66 3778 113 3841 ter,
124 3784 152 3829 et
163 3790 281 3829 omnem
294 3771 408 3827 timebit
420 3770 577 3843 ultionem,
591 3790 678 3848 quem
692 3771 761 3829 ieeti
773 3788 871 3827 eumue
886 3768 981 3829 meriti
994 3785 1125 3848 repetere

67 3863 154 3920 volent
168 3882 282 3939 :neqm
296 3862 412 3921 felicior
429 3862 499 3932 erit,
513 3882 599 3937 quem
609 3864 671 3937 ipse
685 3862 757 3919 deus
771 3864 867 3933 Mers,
877 3862 918 3919 ite
932 3875 965 3920 ut
977 3882 1123 3940 uunqmm

66 3950 238 4013 inadulterio
248 3956 459 4031 deprehensum
470 3952 859 4031 nexilesiuuolrsntlequei:
870 3974 961 4032 porro
972 3957 1020 4015 ille
1029 3958 1125 4014 meriti

67 4040 115 4100 lesi
126 4047 215 4105 dolor
229 4064 327 4121 poerus
340 4046 431 4122 exigit
445 4046 581 4119 majores,
599 4063 685 4121 mero
701 4046 746 4103 lex
763 4047 823 4104 ulla
835 4047 926 4121 possit
938 4046 1036 4103 dolori
1052 4064 1125 4101 cou-

67 4138 171 4196 cedere.
185 4138 239 4197 uic
251 4138 349 4217 gladio
360 4138 494 4214 perimit;
504 4138 553 4197 ille
567 4138 793 4217 sanguinolentis
802 4139 909 4197 ictibus
918 4138 1045 4195 mcum
1056 4154 1127 4193 eou-
