2784 4917
284 410 328 535 ss
443 454 616 521 viere:
638 452 931 519 sncrrorrs
953 453 1019 519 nr
1041 450 1194 521 noun

281 581 404 641 potentes
418 570 507 643 potins
524 568 577 622 huc
589 586 670 641 pona
682 566 781 639 ὤμοι
798 565 890 621 tuisse.
903 566 990 619 Furor
1006 567 1088 620 simul
1104 569 1178 639 vulgi
1189 567 1340 641 designetur,

170 658 174 667 '
282 653 330 725 qni
344 672 379 705 ne
393 653 437 717 his
447 651 559 725 quidem
577 653 657 705 rebus
670 650 768 723 parcit.
779 680 816 694 -
826 650 925 703 Gallie.
937 653 1197 719 qutn'mpmmais.
1209 654 1262 707 En.

318 750 404 802 Arses.
417 732 457 801 δι’
465 766 520 819 seq.
532 747 633 800 Versus
646 744 861 817 prestantissimi
870 744 1052 816 aptissimique
1062 744 1099 804 ad
1107 746 1270 817 pingendam
1277 744 1342 815 rnlgi

280 832 476 896 mobilitatem,
491 830 572 883 simul
591 841 619 884 et
639 830 754 881 fortune
774 828 1000 894 inconstuntiusn,
1019 841 1101 901 utque
1122 830 1243 899 pericula
1258 830 1342 883 aulicis

281 914 465 981 irnmineutia3
482 914 548 967 beb.

315 1066 382 1111 Vas.
401 1063 444 1110 δι.
461 1055 876 1122 Striduntprostn'dentreeepIex
890 1071 930 1115 ιο,
946 1072 992 1114 ra,
1010 1056 1056 1115 16,
1072 1072 1112 1117 17,
1125 1073 1226 1121 ¹9-21
1244 1072 1342 1119 ηιμ.

280 1162 393 1207 22-27,
404 1144 520 1203 45-50,
534 1144 652 1207 54-69,
663 1148 782 1203 syr—54,
797 1155 839 1201 77,
848 1140 998 1187 summ
1008 1138 1088 1189 codd.
1096 1140 1171 1189 Paris.
1182 1140 1254 1190 cont.
1266 1140 1341 1188 Iieins.

276 1243 302 1281 et
315 1225 444 1293 Iisynead
456 1225 527 1289 Virg.
538 1225 629 1289 Georg.
641 1225 686 1285 IV,
700 1226 767 1283 262,
781 1220 992 1282 55⁶,stu1neiu
1006 1222 1046 1283 II,
1059 1224 1126 1285 4¹⁸3
1139 1225 1186 1284 IV,
1196 1225 1263 1287 6893
1274 1224 1341 1281 VIII,

282 1324 347 1372 4²⁰3
360 1313 425 1371 xn,
437 1310 498 1373 691·
1342 1366 1346 1373 .

313 1408 384 1461 Nur.
403 1408 446 1459 61.
464 1408 522 1455 lam
536 1403 725 1470 stridents‘gnes,
735 1398 834 1473 quibua
843 1416 921 1452 enee
930 1398 1023 1471 Sejeni
1034 1411 1129 1453 statue
1139 1397 1340 1454 funduntur!-

282 1491 404 1553 Cumr'uis,
419 1484 583 1539 fornacibus.
1177 1474 1182 1488 ’

313 1587 384 1639 Nor.
404 1586 447 1637 δι.
467 1585 554 1649 Ardet,
566 1580 624 1653 igni
634 1580 972 1634 consumitur-Adamas
983 1598 1000 1633 a
1007 1585 1103 1649 pupulo
1117 1595 1141 1633 et
1152 1585 1240 1654 iugem
1252 1585 1341 1651 δήσω

277 1684 301 1721 et
318 1682 367 1720 tutu
378 1671 435 1719 orbs
447 1668 580 1728 exundas,
596 1663 738 1736 prefectus
752 1665 892 1737 pretorio,
905 1678 933 1719 et
945 1662 1080 1719 secundus
1095 1683 1112 1717 a
1124 1666 1237 1719 Tiberio
1252 1668 1340 1737 imper.

279 1779 290 1801 ι
300 1753 377 1824 nujus
388 1748 484 1802 statuis
501 1764 577 1801 suera
593 1744 745 1811 iaciebant,
759 1766 892 1819 quemque
908 1747 1013 1801 Tiberii
1028 1748 1160 1819 eoliegunr
1180 1748 1341 1822 appellebant

277 1858 333 1892 non
351 1837 379 1889 in
395 1834 551 1895 consulatu,
566 1829 616 1884 aed
632 1830 660 1883 in
676 1832 841 1885 orbisterre
857 1832 986 1903 imperio,
996 1857 1008 1877 ι
1020 1844 1051 1885 ut
1068 1845 1133 1887 ntur
1147 1834 1238 1887 verbis
1254 1832 1341 1905 Xiphi-

278 1924 328 1977 Iini
343 1922 372 1974 in
389 1918 517 1980 Tiberio,
528 1916 629 1988 quibus
641 1915 714 1969 noni.
727 1917 795 1969 Tae.
807 1915 961 1979 Anu.1V,a
974 1928 1041 1969 extr.
1052 1929 1080 1969 et
1091 1918 1164 1970 Suet.
1177 1917 1243 1971 Tib.
1253 1916 1292 1982 48,
1303 1915 1339 1967 65.

277 2036 313 2049 --
322 2005 443 2073 Exfaeie
455 2014 506 2053 tutu
520 2002 577 2051 urbe
593 2002 712 2065 secunda,
729 2018 764 2053 ex
778 2012 867 2052 statua
881 1997 999 2051 huminis
1014 2010 1071 2052 toto
1085 2002 1152 2053 orbe
1167 2000 1289 2055 secundi.
1303 2001 1340 2053 sic

278 2086 396 2143 Rutilius
414 2082 538 2137 Gallicus
556 2080 699 2152 proiectus
716 2081 793 2143 urbi,
810 2080 973 2134 Germanico
990 2085 1110 2149 proxim
1129 2087 1218 2135 cervix
1232 2086 1340 2152 pendens

277 2171 390 2223 inmensi
401 2166 509 2226 dieitur,
528 2164 596 2217 Stat.
612 2163 676 2217 Sile.
689 2164 717 2227 1,
730 2170 762 2228 4,
773 2167 800 2217 (ι
811 2194 847 2205 -
858 2164 962 2217 Veteris
974 2164 1127 2238 interpretis
1143 2180 1210 2221 nota
1220 2179 1259 2220 est
1268 2184 1275 2218 ε
1284 2166 1340 2219 «Se-

274 2258 356 2329 janus
375 2251 428 2304 fuit
444 2248 557 2305 Tiberio
573 2264 658 2318 usque
676 2244 746 2301 adeo
764 2264 844 2301 carus
856 2248 973 2313 amiens,
986 2262 1017 2301 nt
1029 2248 1100 2301 nibil
1114 2263 1183 2304 esset
1201 2249 1275 2323 quud
1291 2250 1340 2303 eiu

277 2338 389 2393 Tiberio
401 2334 504 2408 petenti
517 2343 676 2405 negaretnr3
692 2350 778 2406 nsque
791 2332 859 2386 adeo
872 2332 907 2387 de
917 2353 950 2387 en
967 2335 1125 2407 cogitaverit
1136 2356 1243 2403 necem,
1257 2349 1287 2389 ut
1294 2335 1340 2388 dis·

276 2420 371 2495 positis
391 2416 587 2491 conjurationis
609 2416 689 2469 sociis
709 2417 800 2483 neeisu
821 2417 933 2470 Tiberio
956 2418 1013 2491 ipse
1032 2432 1163 2490 regnaret.
1186 2422 1278 2487 Quum
1295 2420 1340 2472 boe

278 2505 446 2578 cognovisset
459 2500 597 2566 Tiberius,
609 2518 691 2570 super
701 2503 758 2573 ejus
770 2501 879 2555 nomine
888 2503 1031 2573 epistolem
1042 2503 1078 2557 ad
1091 2518 1215 2559 senatum
1226 2492 1308 2566 misit,
1319 2516 1341 2557 et

276 2591 316 2645 aie
329 2608 379 2661 per
395 2586 518 2642 consules
534 2584 676 2639 damnatus
693 2596 734 2637 est
746 2602 810 2637 eum
822 2586 896 2637 omni
911 2590 1039 2657 progenie
1052 2605 1117 2653 sua,
1132 2590 1299 2661 usqueadeo
1315 2600 1342 2640 nt

278 2673 363 2725 filiam
377 2675 433 2743 ejus
448 2667 579 2740 virginem
590 2666 699 2739 juberet
714 2679 821 2720 senatus
834 2686 851 2720 a
860 2668 987 2722 carnibus
1001 2670 1130 2742 stuprari,
1148 2684 1175 2723 et
1193 2672 1232 2728 sie
1250 2671 1339 2736 occidi,

276 2770 308 2809 ιιι
319 2758 380 2827 jure
390 2754 526 2807 videretur
537 2752 618 2804 fuisse
630 2752 740 2805 occisi.-
747 2753 789 2803 De
798 2752 933 2823 supplicio
940 2754 1024 2826 hujus
1033 2755 1146 2826 virginis
1154 2757 1237 2829 Iunge
1247 2769 1285 2811 est
1292 2754 1340 2808 dis·

278 2837 387 2892 serratio
403 2835 565 2890 Crummeri.
578 2852 641 2905 pag.
662 2834 715 2888 aet
730 2852 785 2906 aeq.
803 2836 857 2889 Eu.

311 2980 381 3031 Vas‘.
399 2984 441 3038 64.
449 2980 485 3029 ct.
494 2978 681 3027 Boissonadesd
690 2980 826 3031 Herodiani
835 2974 931 3032 Partitt.
938 3000 965 3047 p.
975 2984 1026 3047 ²9⁵
1032 3001 1039 3031 ε
1046 2984 1172 3033 «Merena
1178 2986 1242 3037 Ced.
1253 2986 1341 3034 I'buan.

275 3084 322 3134 pro
331 3065 431 3130 patellis
443 3063 526 3111 scribo
537 3062 657 3121 macelloe,
670 3064 755 3125 etipsa
765 3064 860 3111 Satiriei
871 3081 972 3113 manum
984 3067 1116 3115 restituisse
1127 3068 1191 3115 mibi
1201 3069 1310 3118 videor.-

312 3164 382 3216 Νω,
396 3163 441 3222 64.
458 3158 561 3229 Urceoli,
571 3158 666 3223 pelves,
675 3155 791 3209 ete.·boc
800 3168 854 3221 est,
865 3157 1001 3210 rusavilin
1013 3157 1143 3231 iujusque
1152 3161 1267 3231 generis.
1278 3160 1339 3213 Pliu.

276 3246 375 3314 Puneg.
390 3242 437 3304 52,
452 3238 581 3309 imagines
596 3237 745 3289 Domitiani
761 3235 830 3289 dicit
841 3252 985 3294 ·excoctas
998 3239 1126 3305 flammis,
1140 3256 1171 3295 ut
1188 3262 1222 3296 ex
1235 3245 1283 3297 illu
1295 3255 1341 3295 ter·

274 3346 336 3381 rore
344 3337 370 3378 et
379 3323 458 3377 minis
467 3320 494 3372 in
501 3338 579 3372 usum
587 3318 730 3370 huminum
739 3337 771 3371 ae
778 3318 930 3389 voluptates
940 3322 1049 3392 ignibus
1058 3338 1249 3379 mutarentur·
1257 3329 1295 3379 De
1303 3326 1340 3377 iis·

275 3410 338 3467 dem
348 3407 432 3480 Xipb.
442 3404 470 3457 in
478 3404 503 3457 N
505 3421 567 3457 erre
577 3422 618 3473 pr.
624 3403 827 3467 ουιιχωνιΰθιισαν
834 3400 876 3453 uui
884 3402 988 3464 ἐξαύτῶν
998 3408 1219 3481 μιγάλαχρήματα
1225 3412 1339 3481 συνιλίγι.

310 3492 400 3559 ΑΜΖ
417 3502 531 3557 65-88.
552 3498 682 3553 Praeclare
698 3498 839 3569 finguntur
852 3519 978 3553 sermones
994 3517 1018 3554 et
1032 3520 1124 3557 secreta
1140 3526 1264 3561 munuum
1276 3508 1341 3575 uulgi

274 3589 366 3661 (inira
379 3606 418 3641 vs.
435 3586 499 3655 89),
512 3583 548 3638 ad
564 3584 691 3655 Sejanurn
705 3600 738 3635 en
754 3594 887 3654 tempure,
901 3602 956 3655 quo
970 3605 1041 3641 uneu
1056 3586 1090 3641 ad
1103 3588 1190 3643 scelus
1203 3590 1340 3645 Gemonias

275 3672 442 3733 trahebatur,
453 3664 673 3739 conspiciendum
687 3664 927 3737 insultandumque
944 3670 1064 3743 undique
1076 3676 1256 3737 acerurreutis,
1270 3677 1340 3745 cujus

274 3768 301 3810 et
313 3753 407 3808 letitia
419 3765 447 3804 et
464 3751 605 3805 curiositas
625 3761 652 3802 et
669 3749 765 3803 levites
778 3751 947 3821 potissimum
966 3769 1105 3829 metusque
1122 3760 1231 3831 tyranni
1243 3758 1341 3832 egregit

274 3838 460 3893 udumbratur.
477 3836 557 3889 Cuni.
579 3836 661 3889 rerba
677 3834 747 3888 Livii
764 3836 870 3899 XXIV,
884 3840 916 3889 25
930 3856 937 3889 :
949 3862 960 3883 ι
971 3840 1035 3893 Heu
1051 3856 1147 3896 nutura
1166 3842 1340 3897 multitudiuis

273 3937 327 3990 est3
340 3934 388 3976 eut
400 3920 481 3974 servit
490 3920 637 3983 humiliter,
651 3932 699 3972 aut
710 3921 824 3991 superbe
834 3918 990 3975 dominetur
1000 3942 1007 3975 :
1018 3924 1177 3990 libertatem,
1188 3946 1248 4000 que
1258 3925 1340 3981 media

694 4070 926 4090 mmm

310 4187 319 4215 ¹
337 4184 416 4234 Vetus
431 4176 512 4228 Sebnl.
530 4172 677 4225 «Conflatur
693 4188 785 4240 stetur,
801 4190 829 4227 ut
838 4178 944 4244 peunnia
955 4177 1015 4227 inde
1024 4177 1093 4229 fiat.»
1109 4180 1210 4231 Atride
1221 4198 1257 4231 vs.
1269 4185 1309 4239 δι.
