2784 4917
65 416 1090 451 mmmmm

198 636 535 755 SATIRA
580 640 945 759 DECIMA.

57 1063 220 1183 Oranus
239 1113 275 1181 in
292 1112 406 1198 terris,
422 1136 496 1206 quae
514 1124 625 1179 sunta
642 1114 794 1186 Gadibus
806 1142 913 1216 nsque

13 1300 25 1317 ·
56 1222 199 1290 Auroram
214 1236 249 1291 et
264 1222 433 1315 Gangen,
452 1220 551 1315 pauci
570 1220 767 1316 dignoscere
784 1245 925 1320 possunt

56 1330 128 1399 Vera
139 1330 239 1419 bona,
258 1346 359 1425 atque
375 1328 438 1401 illis
455 1327 598 1399 multum
614 1330 762 1420 diversa,
780 1352 907 1407 remota

56 1442 166 1510 Erroris
184 1440 309 1511 nebula
329 1468 337 1509 ε
358 1440 439 1535 quid
458 1442 550 1509 enim
570 1442 701 1510 ratione
720 1443 896 1534 timemus,

57 1552 113 1619 lut
125 1551 291 1647 cupimus?
304 1550 386 1646 quid
401 1564 468 1619 tam
484 1552 600 1621 dextro
614 1552 700 1645 pede
716 1556 882 1649 concipis,
898 1572 937 1627 ut
949 1574 982 1627 te
1093 1575 1108 1627 5

55 1662 181 1731 Conatus
197 1686 268 1730 non
287 1661 465 1757 poeniteat,
485 1660 624 1755 votique
642 1660 790 1756 peracti?

56 1772 192 1841 Evertere
209 1772 328 1841 domos
345 1784 431 1839 totas
450 1772 645 1865 optantibus
663 1772 744 1866 ipsis

56 1878 90 1947 Di
106 1878 223 1950 faciles!
243 1882 400 1950 nocitura
416 1895 512 1976 toga,
529 1883 686 1951 nocitura
703 1898 864 1976 petuntur

56 1988 181 2061 Militia:
200 2006 335 2061 torrens
350 1990 485 2060 dicendi
503 1992 600 2085 copia
618 1990 733 2061 multis

56 2102 90 2169 Et
103 2126 155 2169 sua
168 2100 343 2171 mortifera
360 2116 409 2170 est
426 2099 583 2168 facundia
600 2125 607 2168 :
626 2100 755 2168 viribus
771 2098 825 2168 ille

56 2210 190 2280 Gonfistu
209 2212 312 2306 periit
330 2208 601 2300 admirandisque
618 2206 760 2276 lacertis.
804 2209 808 2218 '

94 2320 152 2388 Sed
168 2319 281 2414 plures
301 2318 407 2386 nimia
426 2330 585 2408 congesta
602 2317 750 2407 pecunia
766 2340 848 2384 cura

56 2426 244 2523 strangulat,
261 2442 296 2497 et
312 2441 434 2495 cuncta
448 2445 650 2518 exsuperans
665 2424 870 2527 patrimonia
886 2452 1020 2517 census,

56 2540 175 2626 Quanto
187 2537 356 2631 delphinis
368 2534 497 2605 balaena
511 2534 706 2604 Britannica
720 2534 841 2639 major.

312 2722 425 2760 Ssslllss
444 2720 563 2759 DECIHAE
582 2715 842 2758 INTRRPRETATIO.

89 2855 110 2891 ι.
131 2839 164 2893 In
177 2834 313 2893 omuibus
325 2844 467 2891 terrarum
483 2829 668 2905 regionibus,
683 2850 747 2907 quae
759 2797 860 2907 ¹patent
872 2834 910 2891 ab
923 2837 1074 2899 occidente
1082 2854 1112 2899 et
1225 2884 1231 2905 .

56 2930 185 2999 Gadibus,
200 2946 293 3003 usque
306 2926 344 2983 ad
357 2925 498 2983 orientem
513 2935 542 2981 et
557 2926 705 3001 Gangem,
720 2942 829 2999 paucos
845 2928 974 3002 reperire
987 2944 1044 3002 eat,
1061 2935 1113 3009 qui

55 3032 217 3096 redeatque
234 3018 315 3077 omni
334 3018 440 3075 nebula
460 3016 568 3073 erroris
584 3028 694 3073 semota
714 3016 874 3091 dijudicare
895 3022 1026 3093 valeant,
1047 3046 1112 3101 que

55 3114 101 3171 siut
116 3116 202 3185 bona,
218 3132 283 3188 quae
299 3113 374 3169 mala
389 3111 473 3167 ualde
488 3110 573 3167 bonis
593 3110 734 3186 opposita.
753 3111 867 3181 Quibus
883 3113 1007 3173 enimin
1023 3118 1112 3176 rebus

56 3207 182 3280 optandis,
192 3218 244 3264 ant
253 3205 425 3275 metuendis,
439 3204 581 3259 rationem
592 3202 742 3277 sequimur
752 3202 875 3261 ducem?
888 3206 961 3276 Quis
970 3218 1030 3267 tam
1041 3227 1112 3266 con-

56 3300 176 3371 siderate,
190 3312 250 3357 tam
264 3298 409 3373 auspicato
425 3297 545 3353 molitur
561 3296 712 3371 quidpiam
724 3308 754 3355 et
766 3297 901 3373 suscipit,
914 3312 949 3357 ut
960 3320 1026 3359 euro
1040 3322 1113 3360 con-

56 3392 99 3447 silii
114 3393 197 3451 atrei
210 3392 249 3451 ad
264 3391 374 3449 exitum
389 3390 536 3465 perductae
552 3409 614 3446 non
629 3388 750 3465 pigeat?
770 3389 830 3464 Ipsi
850 3392 970 3465 Superi,
988 3392 1112 3450 nimium

56 3482 204 3543 homiuibus
215 3482 381 3559 petentibus
395 3482 594 3559 indulgentes,
610 3482 718 3539 dedere
732 3500 858 3553 caussas,
872 3502 925 3540 cur
940 3484 1061 3559 integrae
1068 3486 1114 3545 sa-

55 3577 126 3633 niliae
136 3576 382 3638 exscinderentur.
393 3576 533 3649 Optamus
545 3585 607 3647 tum
616 3572 644 3629 in
653 3592 733 3647 pace,
742 3575 846 3631 tumin
855 3575 945 3647 bello,
954 3594 1017 3652 quae
1027 3581 1115 3639 nobie

55 3668 158 3729 exitium
167 3668 383 3745 perniciemque
395 3667 580 3725 consciscant.
594 3667 717 3725 Plurimi
728 3667 769 3725 ob
782 3668 978 3743 eloquentiam
988 3674 1112 3747 periere,

55 3772 78 3815 et
93 3762 129 3818 ob
144 3772 304 3819 torrentem
319 3760 437 3818 dicendi
450 3760 577 3835 copiam
594 3760 744 3831 nonnulli,
762 3762 845 3835 quod
859 3762 963 3823 robori
974 3786 1029 3825 auo
1043 3770 1113 3828 bra-

56 3854 170 3929 chiisque
184 3855 291 3914 mirum
304 3855 336 3911 in
348 3853 470 3921 modum
482 3852 719 3922 validisnimium
734 3851 924 3913 confiderent.

90 3967 131 4003 ra.
151 3948 209 4007 Sed
224 3947 316 4005 multo
331 3949 428 4021 plures
443 3945 556 4021 perdit,
574 3957 603 4003 et
620 3946 655 4003 in
677 3964 774 4008 caussa
794 3960 838 4007 eet
856 3969 910 4007 cur
929 3952 1116 4030 jugulentur,

56 4058 133 4113 opum
149 4041 395 4119 congerendarum
413 4040 512 4095 insana
529 4039 606 4109 sitia,
628 4050 658 4097 et
677 4038 786 4097 divitia
801 4051 883 4100 tauto
902 4046 1006 4102 ceteris
1025 4048 1117 4122 patri-

56 4134 149 4192 uouiis
161 4136 328 4210 ampliores,
343 4143 453 4208 quanto
469 4133 577 4187 balaeum
591 4131 679 4189 maria
692 4133 852 4193 Britannici
863 4136 1010 4211 delphinis
1020 4136 1116 4209 meior

946 4231 978 4300 d.
