2784 4917
267 414 448 480 sarum
471 413 667 480 necrus
689 415 889 500 omum.
1054 411 1117 503 ³7³

47 533 169 619 AEueae3
188 530 249 600 sed
267 555 369 626 quem
385 531 521 602 valeant
541 531 694 600 emittere
713 531 838 603 dextroe

46 638 108 708 Illis
120 637 312 727 dissimiles,
333 655 368 710 et
386 654 504 710 nostro
519 654 671 735 tempore
689 654 789 711 natae.

47 753 126 821 Nam
144 777 251 850 genus
270 753 338 822 boc
356 753 436 822 vivo
448 753 521 848 jam
537 751 759 823 decrescebat
771 755 935 822 Homero.

48 862 143 931 Terra
155 860 263 931 malos
278 861 435 931 homines
447 886 541 933 nunc
556 861 679 931 educat
697 874 800 955 atque
817 859 967 956 pusillos.
1086 897 1120 950 7⁰

48 975 129 1069 Ergo
141 976 253 1062 Deus,
271 975 477 1069 quicumque
492 973 663 1066 adspexit,
680 969 768 1041 ridet
780 987 814 1042 et
827 970 910 1042 odit.

89 1087 117 1154 A
135 1082 344 1154 deverticulo
362 1098 535 1179 repetatur
550 1079 688 1151 fabula:
708 1096 886 1178 postquam

51 1193 204 1264 Subsidiis
224 1195 335 1281 aucti,
354 1219 432 1288 pars
450 1192 557 1262 altera
577 1217 734 1287 promere
753 1192 888 1263 ferrum

53 1303 172 1391 Audet,
186 1318 222 1374 et
237 1303 368 1374 infestis
383 1327 534 1400 pugnam
547 1302 735 1372 instaurare
751 1303 897 1399 sagittis;

51 1414 149 1508 Terga
160 1413 250 1510 fugae
264 1413 365 1484 celeri
381 1413 618 1509 prestantibus
631 1413 808 1497 omnibus,
825 1413 968 1501 instant,
1089 1427 1124 1501 75

53 1521 112 1609 Qui
123 1523 235 1592 vicina
248 1520 370 1593 colunt
382 1522 551 1593 umbrosae
563 1524 712 1617 Tentyra
724 1521 856 1618 palmae.

55 1630 182 1700 Labitur
194 1632 278 1701 hinc
291 1629 447 1726 quidam,
464 1630 571 1700 nimia
586 1631 771 1702 formidine
788 1655 924 1703 cursum

58 1739 278 1836 Pracipitans,
294 1743 519 1837 capiturque3
533 1758 585 1813 ast
595 1741 689 1813 illum
704 1743 740 1813 in
753 1741 900 1839 plurima
910 1756 1036 1812 sectum

59 1853 164 1922 Frusta
181 1868 216 1923 et
233 1851 437 1949 particulas,
451 1867 492 1922 ut
505 1835 622 1924 multis
636 1869 792 1925 mortuus
807 1879 895 1924 unus

59 1961 240 2052 Sufficeret,
261 1978 372 2032 totum
390 1965 537 2034 corrosis
554 1965 684 2035 ossibus
699 1964 770 2034 edit
1094 1979 1129 2032 80

60 2071 177 2142 Victrix
191 2073 317 2142 turba:
337 2095 403 2144 uec
418 2075 551 2144 ardenti
567 2075 700 2146 decoxit
712 2075 822 2144 abeno

62 2183 121 2251 Aut
135 2185 301 2271 verubus;
318 2181 459 2278 longum
472 2178 676 2279 usqueadeo
689 2185 893 2279 tardumque
905 2185 1039 2279 putavit

63 2291 249 2387 Exspectare
262 2293 376 2381 focos,
391 2310 552 2364 contenta
565 2293 730 2366 cadavere
744 2291 868 2365 crudo!

65 2401 120 2471 Hic
137 2403 283 2497 gaudere
296 2402 395 2490 libet,
413 2405 506 2500 quod
519 2428 590 2474 non
603 2403 783 2474 violaverit
795 2405 928 2499 ignem,

66 2511 163 2599 Quem
176 2536 310 2584 summa
323 2512 396 2584 coeli
411 2529 547 2609 raptum
561 2513 604 2585 de
617 2529 713 2610 parte
730 2514 954 2585 Prometheus
1067 2531 1070 2540 ’
1097 2529 1131 2584 tt

64 2714 145 2774 lemur
156 2721 339 2793 vulueravit3
359 2723 411 2781 sed
430 2725 529 2800 quales
545 2723 692 2801 projicere
709 2724 824 2780 valeant
841 2739 943 2779 manus
963 2719 1024 2776 istis
1044 2721 1132 2798 louge

66 2807 178 2884 (lltpares
190 2825 221 2871 et
232 2814 454 2887 inbecilliores,
470 2817 624 2875 hominum
637 2825 743 2890 nempe
755 2813 843 2885 hujus
860 2812 932 2870 aeri:
947 2831 1016 2869 nam
1029 2829 1061 2869 ea
1077 2829 1132 2870 ro·

66 2899 202 2962 bustorum
210 2906 365 2964 homiuum
375 2907 463 2984 stirps
473 2917 504 2964 et
513 2908 595 2964 natio
602 2907 664 2982 jam
674 2917 737 2962 tum
749 2905 907 2980 incipiebat
918 2903 1028 2977 minui,
1042 2924 1133 2981 quum

67 2991 194 3054 Homerus
210 3000 342 3069 viveret,
363 3018 441 3056 nunc
461 2999 597 3055 mortales
614 2998 701 3055 tellus
717 3007 853 3072 procreat
870 2995 981 3074 exiguae
999 3007 1131 3068 stature,

68 3103 161 3164 magnz
173 3091 386 3169 improbitatis,
400 3111 474 3167 quos
487 3111 578 3168 quum
591 3091 700 3167 Superi
710 3089 887 3166 adspiciunt,
901 3089 1000 3150 rident
1013 3090 1133 3149 illorum

69 3182 237 3257 tenuitatem,
257 3184 438 3242 detestantur
451 3183 621 3260 nequitiam.
1140 3247 1148 3258 ,

102 3291 143 3342 7²-
162 3277 222 3333 Sed
241 3276 281 3334 ad
299 3279 497 3336 narrationem
513 3277 551 3334 ab
570 3277 624 3334 hac
642 3277 821 3356 digressione
836 3277 998 3335 redeamus.
1016 3277 1134 3333 Postea·

70 3377 143 3433 quam
150 3385 234 3425 norae
243 3369 334 3444 copia
343 3369 475 3426 subsidio
483 3369 681 3440 advenerunt,
691 3369 754 3426 ausi
765 3368 1001 3444 sunt'l'entyritn
1009 3365 1134 3424 educere

72 3453 167 3526 gladios
178 3461 211 3517 iu
223 3462 355 3534 bostem,
368 3460 537 3539 sagittisque
550 3460 688 3534 conjectis
704 3481 831 3539 pugnam
846 3459 1064 3537 adiungam
1078 3477 1135 3518 nec

73 3545 104 3603 iu
112 3553 199 3611 multo
211 3566 279 3631 post
288 3555 420 3632 Coptitas
432 3555 465 3611 iu
478 3553 577 3630 fugam
587 3553 694 3610 effusos
703 3563 842 3630 premunt
851 3553 957 3610 acriter
968 3562 997 3609 et
1009 3563 1133 3630 urgent:

74 3657 184 3713 quorum
195 3667 286 3720 uuus,
301 3647 373 3705 dum
384 3667 446 3724 prae
458 3658 539 3704 metu
552 3645 644 3702 nimio
656 3665 783 3721 propere
798 3645 895 3722 fugam
908 3642 1026 3720 arripit,
1040 3645 1134 3718 eadit,

73 3739 330 3811 comprehenditur,
351 3750 495 3797 secutura
509 3735 672 3795 victoribus
684 3737 716 3793 in
731 3737 839 3809 frusta,
858 3748 893 3794 ut
912 3735 974 3810 ejus
988 3733 1135 3797 cadaveris

74 3826 227 3893 particulam
245 3831 354 3889 habere
372 3831 480 3910 singuli
497 3840 630 3906 possent,
649 3829 778 3905 denique
797 3829 837 3885 ita
855 3829 1029 3902 comeditur,
1049 3843 1084 3888 ut
1098 3851 1138 3890 ne

75 3909 132 3986 iltis
144 3921 258 3995 quidem
271 3924 383 3981 ossibus
398 3934 544 4000 parcatur.
563 3925 667 3999 Neque
680 3941 755 3980 vero
770 3923 861 3994 illud,
879 3933 930 3979 aut
944 3925 1068 3998 elixum,
1087 3935 1138 3981 aut

78 4013 172 4067 tostum
177 4016 378 4089 comederunt;
388 4017 507 4093 longior
515 4026 559 4073 est
566 4015 636 4091 ipsis
644 4014 705 4072 visa
715 4015 848 4074 torrendi
856 4027 907 4072 aut
915 4016 983 4094 igne
992 4017 1139 4093 coquendi

79 4097 210 4163 cadaver-is
221 4127 324 4179 mora;
339 4108 443 4165 crudas
457 4127 557 4166 carues
572 4107 715 4167 devorare
730 4109 797 4166 sat'u
810 4108 866 4166 fuit
879 4109 930 4166 eis.
950 4109 1023 4168 lude
1038 4109 1080 4166 fas
1095 4121 1140 4166 est

78 4185 171 4268 Ῑῑῑὸῐῖ,
186 4201 265 4274 quod
277 4201 374 4279 iguem
390 4221 408 4258 a
420 4201 601 4260 Prometheo
611 4221 650 4260 ex
662 4203 770 4260 ethere
785 4201 914 4260 delatum
926 4201 959 4259 in
973 4213 1065 4261 terras
1080 4213 1139 4260 tam
