2784 4917
139 399 311 469 saumae
335 403 516 471 nucula
536 403 731 488 ouan'nn
754 381 972 470 ananusls.
1026 421 1089 488 299

25 534 119 580 autem
137 527 222 584 altius
240 528 394 608 insurgens
415 531 620 589 declamatorio
641 548 724 590 more
745 542 775 590 et
793 531 920 608 magistri
939 529 1089 588 severitate

24 625 100 684 illud
111 628 142 686 in
156 630 299 691 invidiam
317 633 438 692 adducit
459 647 546 712 atque
562 638 791 716 indignationem
807 637 930 717 excitat)
949 655 1015 694 cum
1027 635 1090 704 illa,

26 745 130 807 preter
140 738 221 810 loca,
236 741 269 798 in
283 742 445 800 comment
461 741 596 817 laudata,
615 744 681 802 Sen.
700 743 737 801 de
752 745 816 814 lra,
831 745 875 826 ll,
890 762 946 815 aa,
960 753 989 800 et
999 739 1090 817 Epist.

29 857 80 913 97.
93 843 165 900 Plut.
183 845 221 902 de
232 847 361 906 institut.
377 847 476 907 Liber.
491 859 520 906 et
538 847 660 919 Quintil.
675 850 745 905 lnst.
761 850 843 907 Orat.
861 849 892 919 1,
908 867 950 918 ¹1,
966 845 1001 918 6,
1012 842 1092 918 eujus

28 941 118 1000 verba
131 947 252 1005 omnino
267 950 355 1025 digna
371 961 452 1023 sunt,
468 971 533 1028 quae
546 951 860 1009 ultramarinam
874 973 882 1007 τ
899 949 1043 1008 «Utinam
1053 946 1093 1003 li-

31 1045 165 1105 berorum
175 1063 346 1110 nostrorum
358 1073 455 1112 mores
466 1074 530 1112 nou
542 1054 599 1132 ipsi
611 1053 811 1130 perderemus!
827 1052 981 1111 Infantiam
996 1049 1092 1108 statim

32 1151 281 1214 deliciissolvimns
291 1181 298 1214 :
307 1160 403 1216 mollis
412 1160 461 1216 illa
470 1160 618 1231 educatio,
628 1177 716 1235 quam
727 1158 939 1236 indulgentiam
948 1173 1092 1224 vocamus,

34 1275 134 1317 nervos
146 1281 246 1322 omues
258 1275 288 1322 et
300 1265 403 1322 mentis
418 1275 448 1322 et
457 1264 591 1340 corporis
604 1263 721 1338 frangit.
735 1262 815 1334 Quid
824 1281 885 1320 nou
896 1263 1010 1322 adultus
1019 1278 1092 1318 cou-

36 1363 154 1437 mpiscet
170 1366 223 1442 qui
233 1369 266 1425 in
276 1369 411 1445 purpuris
423 1369 517 1445 repit?
530 1410 576 1428 .....
582 1371 645 1426 lam
656 1387 775 1426 coccum
787 1368 937 1443 intelligit,
948 1365 1007 1440 jam
1022 1383 1094 1424 con-
1161 1369 1168 1379 ’

34 1466 155 1544 tbylium
167 1474 270 1548 poscit.
285 1474 506 1545 ....Gandemus,
523 1475 547 1531 si
558 1474 629 1550 quid
640 1473 773 1530 licentius
786 1472 929 1543 dixerint3
940 1471 1043 1541 verba,
1056 1489 1094 1526 ne

37 1574 229 1635 Alexandrinis
248 1579 364 1654 quidem
384 1579 577 1656 permittenda
603 1578 734 1648 deliciis,
761 1577 820 1635 risu
844 1587 873 1634 ct
885 1575 993 1634 ‘osculo
1016 1574 1094 1632 exci-

37 1676 131 1750 pimus.
154 1684 215 1739 Nec
234 1685 358 1756 mirum;
378 1703 432 1740 uos
453 1683 623 1754 docuimus,
641 1702 678 1742 ex
695 1683 780 1740 nobis
797 1681 959 1740 andierunt.
975 1681 1094 1736 Nostrae

39 1783 146 1856 amicas,
155 1783 274 1848 nostros
282 1790 458 1846 concubinos
467 1788 581 1859 vident,
600 1807 686 1846 omne
699 1787 865 1846 convivium
876 1783 1017 1844 obscoenis
1029 1801 1094 1839 can-

38 1887 97 1946 ticis
116 1892 234 1968 strepit,
256 1895 390 1968 pudenda
411 1895 491 1954 dictu
511 1905 683 1972 spectantur.
710 1893 756 1949 Fit
776 1910 812 1948 cx
832 1892 876 1948 lais
901 1885 1095 1957 consuetudo,

41 1993 135 2055 deinde
147 2010 257 2057 natura·
269 2001 391 2062 Discunt
398 2003 458 2059 haec
467 2000 579 2073 miseri,
586 2011 652 2058 ante
663 2017 750 2075 quam
761 1999 851 2056 sciant
859 1997 928 2054 uitia
937 2013 997 2054 esse
1007 2015 1014 2051 ε
1025 1993 1094 2051 inde

44 2099 121 2156 soluti
139 2120 171 2158 ac
186 2101 306 2161 fluentes
319 2123 380 2161 nou
397 2104 542 2180 accipiunt
554 2125 571 2162 e
582 2106 686 2162 scholis
699 2107 772 2162 mala
784 2104 854 2174 ista,
870 2102 922 2160 sed
936 2102 966 2156 in
983 2098 1093 2157 scholas

42 2204 154 2263 afirmat
159 2248 170 2276 ,
181 2219 255 2266 etc·
269 2211 351 2267 Note
361 2211 520 2267 Achaintrii
535 2221 603 2268 sunt
612 2211 674 2266 hae:
688 2211 797 2266 «Poeta
811 2206 936 2266 ostendit
949 2224 1034 2281 supra
1048 2205 1092 2275 11,

45 2306 213 2383 166,etvl,
228 2311 298 2385 617,
309 2331 396 2390 quam
408 2314 529 2390 pessima
542 2313 584 2390 (Ι)
593 2313 703 2370 luerim
713 2311 900 2380 commercia,
915 2319 944 2366 et
955 2319 1092 2384 quantum

43 2425 168 2471 nocerent
177 2416 343 2492 reipublicae
349 2421 573 2494 Imperatorum,
582 2435 685 2493 regum
693 2435 727 2474 ac
736 2415 838 2493 populi
848 2415 1011 2491 primorum
1026 2431 1093 2470 cor·

45 2519 112 2591 rapti
121 2539 227 2580 mores.
240 2525 324 2580 Nunc
340 2523 532 2594 demonstrat,
550 2523 652 2599 quanti
670 2520 728 2578 siut
740 2519 878 2596 ponderis
894 2519 1021 2591 exempla
1039 2516 1094 2574 do-

45 2623 162 2698 mestica,
187 2644 252 2701 quac
268 2645 301 2684 re
320 2627 382 2702 ipsa
393 2600 512 2686 morum
526 2627 714 2703 publicorum
729 2635 797 2682 sunt
814 2619 972 2681 certissima
988 2620 1093 2678 lunda-

46 2738 135 2783 nenta.
152 2731 288 2785 Dusaula
301 2742 392 2806 poetae
404 2743 506 2790 nostro
526 2730 640 2804 objicit,
658 2727 739 2804 quod
752 2728 876 2802 abrupta
890 2725 975 2782 nianis
988 2725 1093 2783 transi-

46 2827 111 2887 tione
122 2831 159 2888 ad
171 2831 252 2890 aliud
266 2846 479 2910 argumentum,
495 2835 603 2894 scilicet
615 2835 653 2891 ad
665 2831 813 2892 avaritiam
827 2829 972 2889 transierit
984 2853 991 2888 :
1004 2832 1092 2902 mule,

47 2944 132 2990 nostro
142 2933 269 3008 judici03
279 2955 347 2993 nam
360 2949 390 2996 et
401 2939 433 2996 id
445 2959 498 2997 suo
509 2937 550 3018 (l)
563 2938 680 2996 themati
692 2933 889 2994 conveniebat.
904 2937 948 2991 Ex
959 2934 1093 2992 omnibus

48 3036 111 3095 enim
119 3039 210 3109 vitiis,
223 3042 260 3098 ad
270 3043 447 3102 eversionem
459 3045 650 3122 imperiorum
660 3041 827 3117 aptissimis,
841 3041 953 3098 nullum
967 3040 1092 3116 optimus

43 3137 86 3195 ille
97 3142 137 3200 air
144 3143 292 3216 judicabat
303 3147 400 3221 pejus,
414 3158 444 3206 et
451 3146 604 3205 vitandum
616 3146 707 3224 magis
717 3165 804 3222 qnam
813 3145 975 3215 avaritiam,
986 3144 1094 3202 scilicet

48 3244 219 3317 cupiditatum
227 3249 352 3308 habendi
360 3271 413 3328 per
424 3254 466 3311 sas
475 3253 599 3313 etnefas.
610 3255 705 3324 Quam
714 3250 766 3328 qui
774 3251 806 3308 iu
814 3250 926 3308 animos
935 3267 1094 3325 puerorum

49 3343 173 3423 insinuat,
182 3351 207 3407 is
217 3351 321 3409 merito
331 3355 430 3429 patriae
440 3357 530 3414 hostis
541 3359 628 3416 debet
637 3356 748 3416 haberi.
763 3358 805 3414 Ea
817 3356 894 3414 cuim
907 3355 1022 3430 plebem
1030 3365 1094 3410 tur-

51 3448 180 3511 bulentam
187 3454 288 3528 efficit,
301 3458 377 3516 cives
387 3460 533 3536 inquietos
544 3472 573 3519 et
587 3480 731 3520 novarum
747 3479 844 3518 rerum
855 3458 968 3530 aridos,
981 3477 1095 3516 merca-

52 3562 115 3612 tom
124 3577 251 3634 rapaces,
262 3559 371 3634 jndices
384 3575 552 3641 corruptos,
564 3565 671 3622 milites
682 3564 803 3636 infidos,
819 3562 906 3621 duces
919 3559 1053 3637 perjuros
1066 3573 1096 3620 et

52 3656 83 3726 li,
94 3663 216 3738 qniplm
229 3665 395 3740 pollicetur,
410 3671 501 3727 vitam
510 3689 591 3728 snam
605 3670 785 3741 addicentes,
798 3671 990 3744 Imperatores
1002 3669 1095 3726 ambi-

51 3759 137 3836 tiosos,
147 3769 326 3843 spoliatores,
337 3759 564 3851 depraedatores,
576 3775 711 3832 tribunos
718 3771 844 3847 denique
855 3771 893 3829 ad
902 3772 1005 3847 populi
1016 3781 1095 3830 tute-

52 3864 98 3924 lam
105 3870 246 3932 institutos
258 3879 368 3936 venales
374 3922 384 3952 ,
395 3882 624 3956 perturbatores,
635 3877 736 3954 patriae
749 3876 927 3946 defectores,
938 3887 967 3934 et
977 3896 1096 3954 rempu-

54 3970 142 4034 blicam
152 3990 275 4057 tyranno
282 3985 444 4043 rendentes.
458 3985 544 4042 eous.
552 3983 637 4062 Virg.
649 3981 762 4040 AEneid.
774 3985 834 4054 vl,
847 3984 915 4056 621,
927 3981 996 4041 622.
1006 3987 1096 4042 Recte

55 4074 129 4149 igilur
147 4104 163 4142 a
178 4105 221 4142 vs.
243 4085 297 4144 106
312 4090 455 4149 Jureualis
477 4090 583 4147 acriter
596 4087 744 4146 invehitur
757 4088 789 4144 iu
804 4087 967 4158 avaritiam,
990 4086 1097 4164 quippe
