2784 4917
296 443 351 526 98
436 383 636 506 ‘vintru
656 440 950 508 Lucrionus
973 442 1038 506 nr
1059 443 1212 509 norm

341 553 410 688 Νορ.
432 557 491 608 ινδ.
506 557 591 615 Illrrm,
609 553 829 618 Demosthenem,
842 555 903 624 qui,
917 572 951 608 ue
965 555 1108 627 Antipatro
1122 555 1282 619 truderetur,
1293 573 1348 608 terre

306 655 369 688 num
407 637 484 691 ausit.

340 731 409 784 Nor.
431 749 490 800 ¹²7·
507 733 608 794 Exitus,
626 727 688 780 finis
701 729 804 784 scilieet
816 729 889 796 vite,
900 743 931 784 nt
945 732 1018 804 apud
1030 735 1136 788 Lucret.
1150 736 1210 798 ΙΙΙ,
1225 752 1298 803 1099.

338 829 406 880 Nor.
429 827 487 880 ns.
506 826 639 878 Praeelsrs
648 837 674 878 et
681 827 756 897 juste
766 825 826 878 lsus
835 813 1031 882 Demosihenis.
1044 833 1193 895 somniem,
1199 830 1263 885 vide
1272 829 1303 882 ad
1310 830 1348 890 111,

301 915 552 981 74.-Modernnrem
558 909 639 976 frena
649 911 746 972 eleusii,
756 909 928 962 Athenienses
939 910 967 962 in
977 912 1171 977 macionibus,
1182 931 1239 984 qno
1248 913 1346 973 rolebrt,

301 993 449 1047 flectentem
460 1009 466 1044 :
477 990 636 1060 metaphora
649 988 787 1061 frequens,
802 991 885 1060 petits
899 993 934 1043 nb
945 995 1039 1064 equis,
1049 995 1095 1068 qni
1109 996 1190 1049 irenis
1201 997 1245 1049 vel
1256 994 1346 1047 habenis

300 1073 451 1130 fleetuntur.
461 1101 496 1112 -
504 1073 633 1122 Thermon
643 1082 733 1124 nutem
745 1073 846 1144 passim
856 1075 950 1128 eoneio
962 1077 1060 1150 populi
1073 1076 1182 1142 dicitur,
1192 1078 1312 1152 qnonirn
1319 1078 1346 1129 ibi

301 1158 455 1212 consultare
467 1153 568 1208 Grecis
578 1173 638 1207 mos
652 1165 738 1207 erut.¹

335 1255 402 1306 Nor.
425 1269 474 1320 ¹²9
484 1271 540 1322 seq.
559 1251 677 1304 Fortuna
690 1249 802 1305 adrem
822 1254 860 1308 its
876 1255 954 1316 tulit.
974 1270 1006 1310 ut
1020 1259 1185 1312 clarissimus
1196 1272 1287 1313 orator
1300 1279 1345 1312 eu-

299 1334 375 1390 deret
388 1335 590 1396 Demosthenes,
612 1335 658 1404 qui
682 1334 770 1388 multo
788 1335 894 1390 felicior·
913 1337 1020 1404 luisset,
1038 1341 1061 1392 si
1077 1341 1162 1413 petris
1177 1342 1346 1413 lreqnmusnt

299 1419 506 1484 ollieinsm,non
516 1419 621 1472 scholas
629 1417 781 1480 rhetorum
790 1421 814 1472 si
823 1420 901 1474 leber
909 1421 1018 1474 erarius
1029 1422 1132 1488 luisset,
1140 1443 1195 1477 non
1204 1438 1300 1478 orator.
1306 1426 1346 1476 trit

297 1508 404 1556 advenis
419 1505 469 1572 (nt
480 1502 546 1556 alibi
558 1504 646 1572 iperii)
657 1507 756 1571 penitus
762 1507 871 1572 fatoque
883 1508 991 1572 sinistro,
1003 1519 1034 1560 ut
1049 1505 1125 1579 apud
1136 1513 1207 1560 Pers.
1224 1509 1274 1573 IV,
1286 1518 1346 1577 spet

298 1589 392 1642 Horat
410 1587 465 1642 Sat.
485 1589 527 1650 11,
541 1588 570 1650 3,
584 1586 616 1648 8,
638 1586 704 1651 1233
718 1587 762 1652 ll,
774 1607 801 1658 7,
817 1593 857 1650 τά.

330 1689 398 1742 Nor.
419 1688 467 1741 130
477 1705 531 1758 seq.
551 1685 630 1739 Conl'.
641 1687 727 1750 XlIl,
742 1692 793 1753 44,
803 1687 850 1749 45,
861 1687 953 1760 ibique
963 1701 1018 1741 not.
1029 1694 1110 1742 Pater
1116 1689 1300 1743 Demosthenis
1307 1685 1345 1738 luit

295 1774 371 1826 saber
382 1770 500 1833 orarius,
511 1770 568 1832 vel,
579 1781 609 1822 nt
619 1769 780 1822 Plutarchus
789 1770 834 1837 (in
843 1770 908 1823 Vita
919 1771 1057 1824 Demosth.
1066 1773 1138 1844 Opp.
1148 1785 1213 1825 tom.
1223 1775 1250 1833 1,
1263 1793 1289 1844 p.
1297 1771 1345 1838 857·

294 1856 337 1910 Cf.
352 1855 417 1909 edit.
433 1853 560 1906 Frnueol.
572 1855 582 1920 )
595 1851 690 1912 trudit,
703 1850 732 1908 tlt
743 1853 785 1922 pir
798 1859 845 1903 τῶν
858 1859 939 1904 καλῶν
952 1854 994 1906 ssi
1010 1854 1107 1927 ἀγαθῶν
1119 1853 1221 1927 ἀνδρῶν,
1235 1859 1267 1915 ὣς
1279 1855 1346 1922 tenu

292 1941 444 2008 Θνόπνμπος·
459 1938 598 1988 insxnlsiro
618 1931 646 1984 di
665 1937 859 2004 Μαχαιροποιὸς,
877 1937 1031 2008 ἐργαστήριον
1049 1940 1110 2006 ἔχων
1128 1941 1196 2011 μέγα
1208 1938 1251 1990 mi
1267 1937 1345 1992 leiim:

291 2021 399 2090 τεχνίτας
408 2025 476 2070 τοῦτο
489 2019 647 2088 πράττοντας.
659 2016 757 2069 Eidem
772 2030 859 2070 tumen
872 2017 894 2070 si
903 2017 971 2072 lides
982 2020 1122 2085 bibenda,
1134 2034 1242 2074 mortuo
1253 2019 1344 2074 demun

290 2115 366 2174 patre
378 2102 448 2153 lilius
462 2100 496 2153 ud
510 2101 645 2154 rhetorem
662 2117 677 2151 n
694 2110 779 2151 matre
789 2099 885 2152 missus
899 2114 948 2153 est.
963 2101 1040 2156 Idem
1058 2103 1170 2156 tradunt
1183 2105 1275 2157 Valer.
1285 2106 1343 2156 llu.

291 2186 348 2248 ΙΙΙ,
361 2191 391 2248 d,
402 2195 454 2236 ext.
469 2203 498 2249 π,
510 2194 537 2236 et
551 2179 645 2235 Sidon.
662 2182 705 2244 ΙΙ,
721 2181 752 2233 23
767 2192 794 2234 et
809 2183 867 2236 188.
878 2214 912 2224 -
922 2187 1014 2254 Lippus
1018 2189 1128 2256 fuligine
1139 2191 1248 2239 ardentis
1260 2207 1345 2244 fimf

217 2279 221 2286 '
289 2289 352 2322 nam
363 2267 505 2340 uopilices,
515 2285 563 2338 per
575 2285 688 2338 quorum
701 2283 795 2318 manus
808 2266 897 2319 sterile
908 2280 985 2321 terre
995 2287 1079 2340 genus
1091 2283 1117 2322 et
1126 2271 1242 2324 informe
1251 2290 1345 2344 perpur-

289 2365 376 2424 gntur,
395 2351 482 2404 mults
495 2350 609 2420 iuligine
620 2350 788 2414 oblinuntur,
798 2375 809 2395 ι
821 2363 850 2402 ut
863 2361 924 2402 utor
936 2351 1025 2403 verbis
1038 2351 1099 2405 Seu.
1114 2353 1197 2424 Epist
1210 2359 1254 2421 94.

324 2499 392 2546 Van.
413 2499 471 2544 131.
489 2493 629 2557 Forcipibus
639 2491 883 2559 (qnasisoricr'pibus,
892 2494 1097 2554 Hersnsnehmer,
1106 2498 1219 2561 langen,
1227 2497 1342 2560 Pelierue)

287 2589 351 2626 reete
363 2593 462 2637 omnes,
481 2593 543 2641 qnos
555 2576 622 2636 ridi,
636 2575 709 2634 libri,
720 2592 772 2623 non
783 2574 921 2643 foficr'bus,
935 2579 1004 2641 quod
1018 2580 1107 2643 passim
1122 2579 1284 2629 substituitur.
1293 2581 1343 2627 tid.

288 2665 374 2711 lleins.
386 2663 418 2713 arl
429 2661 504 2710 Orid.
521 2663 622 2709 Metam.
635 2661 687 2718 VI,
701 2660 767 2716 556,
784 2659 816 2706 ad
827 2659 914 2723 virgil.
929 2661 1025 2708 AEueid.
1041 2664 1116 2720 l'lll,
1130 2664 1195 2718 4533
1212 2665 1278 2720 111,
1289 2672 1344 2719 tom

288 2743 403 2792 Oudend.
413 2743 444 2790 sd
453 2745 520 2793 Suet.
533 2744 597 2807 Aug.
609 2743 641 2803 75
650 2779 656 2801 ‚
666 2751 690 2790 et
701 2741 815 2805 bottiger.
827 2743 854 2789 ln
863 2742 966 2803 Sabina,
979 2761 1034 2808 pag.
1046 2746 1106 2806 267,
1116 2747 1180 2807 sos,
1191 2747 1231 2794 ed.
1240 2764 1277 2810 pr.

322 2837 390 2888 Nor.
412 2836 469 2889 131.
489 2837 527 2888 Ab
539 2836 647 2887 officina
658 2833 770 2887 ferroris
784 2832 819 2884 sd
831 2835 936 2888 scholas
946 2837 1084 2891 rhetorum
1094 2853 1170 2910 puter
1179 2841 1264 2894 lilium
1276 2841 1343 2902 misit,

286 2931 315 2970 ut
329 2917 372 2971 hic
384 2918 503 2970 antimum
517 2935 570 2967 non
586 2915 622 2968 nd
635 2930 720 2968 artem
733 2933 816 2988 quarn
834 2917 890 2988 ipse
904 2921 1050 2983 trsctsbnt,
1064 2920 1111 2974 sed
1123 2921 1160 2975 ad
1172 2923 1289 2976 studium
1298 2924 1344 2977 elo

284 3004 399 3075 quentin
420 3001 577 3072 appelleret.

320 3151 387 3196 Vsn.
409 3149 466 3194 132.
484 3147 514 3192 ln
527 3145 601 3200 litteo,
615 3146 656 3192 68.
668 3145 739 3202 Luto,
748 3148 794 3204 oi,
807 3147 853 3206 73,
865 3162 896 3194 ex
905 3148 1002 3195 emend.
1012 3150 1122 3199 Britann.
1133 3162 1158 3199 et
1168 3152 1200 3198 al.
1210 3162 1236 3200 ut
1246 3154 1278 3200 sit
1287 3152 1344 3200 iden

283 3230 351 3295 quod
359 3230 439 3290 luteo,
452 3228 531 3292 prima
540 3227 594 3291 syll.
604 3227 691 3286 louge,
706 3238 731 3273 et
739 3228 775 3274 sio
785 3240 864 3276 metro
874 3230 1022 3281 oonsolstnr.
1033 3236 1066 3280 As
1077 3234 1134 3280 vide
1143 3234 1280 3283 comment.
1292 3237 1344 3281 Tuto

285 3315 395 3361 Vulcano
405 3311 469 3371 conj.
481 3307 571 3357 Jacobs
580 3307 635 3356 noll.
646 3308 774 3356 Clandian.
783 3310 811 3356 in
821 3312 922 3376 Eutrop.
934 3316 974 3369 11.
988 3316 1039 3370 sid
1049 3331 1099 3380 seq.
1108 3317 1166 3379 qula
1175 3327 1251 3365 trium
1261 3329 1344 3377 enen,

282 3413 383 3462 qunque
393 3395 456 3444 nihil
467 3395 601 3443 minaretur
610 3393 727 3456 periculi,
736 3395 873 3442 exercuerit
882 3397 1055 3446 Demosthenis
1064 3412 1140 3462 peter,
1148 3413 1174 3448 et
1181 3412 1267 3450 oontrs
1275 3401 1344 3452 lilius.

280 3493 329 3528 rato
342 3480 452 3528 Vulcano
465 3479 556 3536 relicto,
569 3477 600 3524 nd
610 3478 733 3524 rhetorem
745 3480 848 3539 missus,
859 3492 909 3527 arte
921 3482 973 3538 ills,
986 3483 1052 3530 unde
1065 3484 1112 3531 sibi
1123 3487 1222 3548 petierit
1231 3487 1343 3552 glorium,

281 3565 368 3612 misere
376 3563 483 3629 perierit.
494 3560 601 3625 Quidum
612 3559 673 3608 mule
682 3560 759 3607 colori
769 3561 833 3609 luteo
843 3563 981 3611 attribuunt
989 3565 1054 3614 hauc
1061 3583 1162 3627 vocem,
1173 3585 1246 3631 qnam
1255 3583 1343 3616 nonore

698 3732 928 3754 mmmwffi

288 3845 291 3852 ’
315 3862 323 3885 ¹
345 3853 407 3900 Vide
423 3855 518 3902 Ernesti
530 3857 590 3902 elnr.
608 3857 658 3905 Cic.
676 3857 786 3920 Dipsium
831 3863 980 3922 multuosus,
996 3866 1044 3913 Seu
1062 3866 1157 3915 luscum
1172 3880 1300 3933 raperetur
1319 3870 1342 3916 in

198 3961 202 3970 «
275 3933 307 3982 nd
321 3934 397 3980 Tacit.
413 3935 476 3982 llist.
495 3937 532 3994 ll,
547 3936 594 3994 80,
608 3946 632 3982 et
647 3937 741 3985 llsrles.
755 3939 787 3986 nd
832 3941 990 4007 Philippum,
1009 3947 1113 3994 Causam
1131 3965 1176 3996 sen
1198 3949 1342 4012 Ctesiphon·

274 4015 350 4061 Corn.
359 4013 421 4074 Nep.
431 4013 519 4059 Tiruol.
529 4029 549 4060 e.
562 4023 585 4069 1,.
594 4013 658 4061 llinc
667 4024 690 4061 et
700 4018 786 4066 sidon.
831 4019 862 4066 tis
872 4022 995 4081 actitaret,
1014 4024 1060 4070 Vir
1073 4041 1169 4090 semper
1181 4027 1341 4090 popularitate

273 4093 316 4141 lib.
328 4092 434 4150 XXlll,
454 4093 502 4140 136
521 4107 570 4154 seq.
587 4093 658 4156 ⁸*in
676 4091 787 4144 Prndio·
831 4115 957 4160 crescens,
979 4103 1009 4150 Et
1021 4104 1087 4163 juste
1110 4105 1220 4153 residens
1242 4107 1273 4154 in
1290 4121 1340 4153 πα

273 4176 339 4223 nium
353 4171 467 4222 movebat
476 4182 526 4219 nrte
538 4173 627 4220 Orutor
639 4191 736 4223 careum
747 4187 787 4225 tn·
832 4179 909 4228 fandi.
919 4202 931 4220 ·
