2784 4917
342 297 520 364 SATIRA
542 297 609 364 UN
616 299 818 366 DECIMA.
1057 298 1117 380 145

48 411 231 504 Figendum
246 426 279 480 et
295 411 441 480 memori
457 412 672 482 tractandum
690 430 844 514 pectore,
861 416 930 484 sive

49 521 249 617 Conjugium
268 545 415 616 quaeras,
430 517 484 590 vel
500 521 588 590 sacri
605 522 640 590 in
654 539 751 617 parte
764 527 907 594 Senatus

51 630 123 698 Esse
138 630 242 700 velis:
263 654 328 698 nec
345 628 437 698 enim
455 627 594 698 loricam
612 631 722 723 poscit
737 632 881 702 Achillis
1088 649 1123 702 30

49 740 228 826 Thersites,
247 741 281 822 in
300 763 368 835 qua
387 763 422 822 se
441 737 680 808 transducebat
698 740 823 834 Ulixes.
1123 719 1127 743 ⁸

92 853 282 947 Ancipitem
302 873 362 918 seu
382 864 420 917 tu
438 872 563 942 magno
583 848 776 919 discrimine
793 877 927 924 causam

53 963 226 1058 Protegere
243 960 403 1044 affectas,
422 973 455 1028 te
473 957 632 1045 consule3
648 958 705 1028 dic
720 960 796 1046 tibi,
813 963 873 1056 qui
890 965 952 1052 sis,

54 1073 168 1142 Orator
182 1073 381 1160 vehemens,
399 1097 443 1140 an
459 1071 600 1140 Curtius
619 1085 655 1140 et
671 1072 792 1141 Matho
807 1075 935 1148 buccae.
972 1139 976 1144 .

53 1185 222 1256 lloscenda
237 1201 287 1254 est
304 1207 463 1254 mensura
479 1181 529 1249 tui
545 1181 795 1276 spectandaque
811 1185 912 1256 rebus
1089 1199 1124 1256 ³5

54 1295 88 1361 ln
102 1296 238 1364 summis
253 1293 492 1387 minimisque,
511 1291 613 1358 etiarn
629 1317 736 1385 quum
753 1293 854 1386 piscis
867 1310 1010 1384 emetur,

55 1405 98 1472 Ne
110 1403 248 1475 mullum
263 1405 396 1498 cupias,
415 1426 522 1497 quum
539 1401 582 1470 sit
598 1401 661 1470 tibi
677 1403 783 1496 gobio
800 1417 932 1474 tantum

56 1513 242 1586 inlocalis:
263 1515 339 1610 quis
357 1515 449 1584 enim
467 1529 519 1598 te,
540 1511 721 1582 deficiente
739 1538 900 1586 crumena

57 1625 92 1692 Et
108 1640 274 1696 crescente
296 1624 391 1719 gula,
408 1637 523 1692 manet
539 1623 665 1709 exitus,
684 1641 751 1693 aere
771 1641 913 1718 paterno

56 1737 96 1801 hc
113 1735 210 1805 rebus
227 1735 345 1804 mersis
362 1736 397 1802 in
414 1747 582 1816 ventrem,
601 1731 726 1804 fencris
739 1749 843 1830 atque
1091 1759 1127 1816 co

57 1845 187 1938 Argenti
201 1847 314 1941 gravis
331 1833 366 1914 et
382 1868 541 1938 pecorum
560 1869 790 1940 agrorumque
807 1845 990 1940 capacem?

57 1955 179 2026 Talibus
197 1982 217 2026 a
232 1955 382 2024 dominis
397 1969 476 2048 post
494 1969 617 2022 cuncta
636 1955 840 2026 novissimus
857 1958 927 2026 exit

59 2065 214 2151 Annulus,
233 2080 266 2135 et
285 2064 393 2160 digito
409 2063 583 2132 mendicat
597 2063 707 2134 Pollio
726 2066 830 2137 nudo.

59 2177 126 2246 Non
145 2174 340 2272 praematuri
362 2173 510 2258 cineres,
529 2197 590 2265 nec
609 2172 712 2242 funus
729 2176 891 2246 acerbum

60 2288 221 2376 Luxuria,
239 2286 299 2356 sed
315 2297 426 2354 morte
443 2283 549 2376 magis
566 2283 749 2352 metuenda
765 2303 932 2356 senectus.
1090 2301 1126 2364 45

61 2477 137 2548 gites,
156 2477 216 2534 sive
234 2476 266 2532 in
283 2483 398 2532 sennan
412 2471 505 2530 sancti
520 2481 634 2546 partem
652 2472 785 2547 cooptari
802 2473 881 2530 velis.
901 2471 1019 2546 Quippe
1034 2470 1127 2528 Ther·

61 2571 116 2626 sites
126 2566 396 2627 hebillisdemortui
407 2584 484 2620 arma
495 2584 647 2620 nonausns
658 2574 702 2619 est
711 2581 914 2638 poscerc,sute
923 2563 979 2618 sibi
991 2561 1127 2620 videlicet

62 2662 165 2736 quatias
173 2661 317 2728 conscius,
327 2658 432 2734 quibus
444 2641 571 2713 serendis
580 2675 618 2712 ne
629 2657 690 2730 ipse
703 2655 823 2730 quidem
834 2659 951 2734 Ulysses
960 2675 1024 2732 par,
1033 2673 1126 2730 qnam

63 2771 88 2808 ea
102 2754 207 2824 induit,
220 2750 350 2807 ludibrio
364 2759 407 2804 est
417 2747 543 2803 babitus.

21 2841 28 2848 ’
94 2847 135 2903 32.
153 2845 199 2902 Ad
218 2844 297 2900 bunc
309 2839 430 2896 modum
441 2850 489 2906 tu,
499 2858 589 2914 quum
599 2837 791 2914 periculosam
800 2848 829 2893 et
840 2836 957 2894 dubiam
968 2837 1125 2898 defendere

64 2957 155 2996 causam
166 2932 355 2996 meditaberis
363 2932 394 2988 in
403 2932 486 3000 foro,
499 2942 561 2988 tuas
574 2929 650 2986 vires
667 2932 815 3005 expende3
830 2941 918 2986 temet
929 2931 990 3006 ipse
999 2932 1123 3008 inspiee;

63 3033 231 3104 aneloqueus
243 3024 412 3102 peritusque
424 3025 461 3080 sis
473 3034 627 3098 patronus,
644 3041 681 3078 an
699 3024 801 3080 Curtio
816 3034 846 3080 et
860 3025 1008 3095 Mathoni,
1026 3023 1125 3082 buccis

64 3123 233 3198 loquacibus,
259 3117 368 3176 similis.
389 3119 554 3174 Mensarum
573 3117 614 3172 tui
629 3116 763 3192 ingenii,
785 3117 928 3173 facultatis
947 3119 1080 3187 attende,
1099 3118 1125 3174 si

65 3217 120 3290 quid
129 3212 245 3290 majoris
255 3208 413 3266 minorisve
427 3207 539 3284 negotii
550 3207 701 3282 suscipias,
713 3209 799 3264 etiam
813 3228 903 3282 quum
916 3209 1024 3284 piscem
1037 3228 1125 3280 erues,

65 3327 92 3364 ne
103 3309 219 3364 mullum
233 3313 369 3379 appetas,
383 3301 500 3375 quando
515 3300 651 3376 gobionis
666 3303 793 3376 pretium
807 3301 948 3357 duntaxat
961 3300 1080 3357 babebis
1093 3301 1125 3357 in

64 3421 191 3459 crumena.
207 3399 358 3468 Quorsum
369 3392 463 3462 enim,
475 3412 588 3467 quaeso,
598 3389 716 3464 evades,
731 3413 839 3468 quum
852 3393 996 3449 exhaustis
1007 3394 1124 3468 opibus,

65 3497 200 3572 augebitur
218 3488 377 3548 lautiorum
397 3485 504 3560 dapum
528 3487 712 3562 appetentia?
739 3489 839 3556 Quum
863 3486 1070 3560 patrimonium
1095 3500 1126 3546 ct

63 3591 177 3646 lortnnas
194 3602 298 3643 omncs
308 3579 465 3654 conjeceris
477 3579 508 3636 in
523 3592 603 3636 tuum
614 3580 776 3648 abdomen,
787 3577 869 3653 qnod
878 3579 970 3634 instar
977 3581 1125 3658 voraginis

65 3697 239 3754 usuras,vasa
250 3684 399 3750 argentea,
416 3691 535 3748 greges,
552 3671 674 3741 fundos,
692 3670 830 3726 absorbet
842 3689 875 3728 ac
887 3669 1027 3728 devant?
1044 3674 1126 3748 Ejus-

67 3777 132 3834 ncdi
144 3774 314 3838 helluones,
337 3777 403 3842 post
419 3765 517 3823 omnia
535 3765 821 3837 bonaconsumpta,
838 3775 983 3839 eoguntur
999 3766 1127 3843 denique

69 3870 175 3928 tendere
185 3881 273 3924 sunm
284 3860 438 3930 annulum
452 3875 546 3932 eoque
560 3867 675 3912 exutum
687 3855 783 3912 Pollio
794 3875 911 3914 manum
924 3861 1076 3932 protendit
1088 3859 1128 3916 ad

70 3963 154 4037 stipem
169 3953 392 4032 corrogandam.
411 3951 471 4008 lllis
490 3948 669 4027 ganeonibus
686 3965 749 4030 uon
764 3959 822 4005 tam
840 3969 955 4024 praecox
974 3965 1004 4009 et
1021 3955 1129 4010 intem-

73 4055 271 4128 pensamus,
289 4063 375 4124 qaram
388 4053 519 4102 senectus
532 4043 593 4118 ipsa
608 4051 650 4098 est
664 4040 902 4118 pertimescenda
919 4045 1012 4102 Porro
1028 4046 1066 4102 ad
1076 4061 1130 4100 ex-

142 4143 183 4208 II.
955 4158 994 4198 ιο
