2784 4917
211 384 265 452 ιιι
288 383 500 451 suumin
522 383 757 453 nnumin
779 386 1023 451 'ruentum
1085 383 1149 450 ιιι
1242 356 1246 363 “

120 497 187 553 rtur.
208 501 253 557 33.
272 500 347 554 Sulse
356 498 484 553 Calvinus
494 501 681 573 sexagenarius
689 501 741 568 (vs.
756 502 797 563 16,
807 502 850 570 ¹7)
860 498 959 553 dicitur
967 501 1047 550 senior
1056 500 1151 567 dignis·

91 578 155 631 riorus
169 584 251 646 bulla,
266 582 321 637 boc
336 594 390 646 eet,
405 583 452 654 qni
473 582 541 636 inter
559 601 658 655 pueros
673 580 807 634 referatur
823 592 935 653 propter
953 579 1150 651 simplicitatem

91 680 225 735 rerumque
242 666 421 737 imperitiam
437 664 518 724 simus
532 667 618 737 γέρων
634 683 697 718 num
716 668 783 716 bulla
798 684 945 736 puerorum
960 664 1062 734 insigne
1069 683 1083 734 3·
1092 663 1149 720 rid.

91 763 161 819 snpru
172 748 209 802 ad
222 750 260 816 V,
275 754 333 814 rtis.
346 752 433 803 &nior
442 750 595 820 lpqurmus,
609 762 640 803 ut
651 748 889 821 Tun'vetuleupnd
901 750 974 803 Pers.
984 755 1012 808 1,
1027 764 1068 799 ιι.

119 892 183 943 Vns.
204 888 250 951 34.
269 892 347 942 Abest
354 892 396 942 hic
403 909 486 943 versus
499 910 514 941 ι
528 893 568 955 ι6,
579 902 669 959 etpost
680 907 715 940 vs.
727 892 770 953 35,
781 892 906 957 legitnrin
921 910 961 959 ¹9·

116 982 183 1039 Nor.
204 984 249 1051 34.
271 992 340 1053 Quas
354 990 444 1037 habeat
454 992 571 1049 Veneres,
583 986 745 1058 voluptates,
756 986 884 1057 gratiam,
896 998 1079 1053 venustatem,
1089 986 1148 1040 ille-

91 1064 188 1133 tebras,
203 1068 322 1135 honest,
333 1088 416 1142 quam
427 1082 502 1141 gratu
511 1070 545 1123 sit
556 1082 582 1123 et
590 1068 711 1143 jucunde
723 1068 820 1123 uraris.

118 1164 206 1217 Arar„
227 1164 360 1233 34-119.
378 1165 508 1219 Prnclnre
527 1164 607 1219 docet
624 1178 721 1237 poeta,
739 1178 880 1238 corruptos
899 1167 989 1221 seculi
1006 1166 1048 1220 sui
1062 1184 1149 1221 mores

89 1244 262 1321 vitiorumque
277 1248 428 1318 licentiam,
445 1269 503 1323 que
513 1250 710 1321 rempublicam
721 1252 869 1304 Romanam
879 1251 1022 1317 invaserit,
1039 1270 1072 1305 ex
1086 1270 1151 1306 con·

91 1338 183 1403 temptu
194 1332 351 1404 religionis,
366 1334 495 1407 tunquam
506 1353 538 1388 ex
551 1334 682 1408 primario
692 1333 779 1401 fonte,
794 1334 916 1401 fluxisse,
927 1338 1001 1391 banc
1010 1356 1075 1391 vero
1086 1336 1151 1391 irre·

88 1412 252 1483 ligiositatem
261 1434 293 1469 ex
306 1417 494 1488 superstitione
506 1430 534 1471 et
546 1418 636 1491 inepta
648 1430 741 1471 nutam
749 1437 805 1473 esse
820 1418 971 1493 theologia,
988 1438 1049 1493 quse
1061 1421 1150 1494 phun·

90 1498 153 1551 tasin
163 1498 277 1571 quidem
287 1500 405 1572 prebeat
416 1502 561 1565 alimenta,
574 1500 622 1557 sed
633 1514 753 1557 'mentem
765 1516 936 1576 corrumpet,
953 1517 980 1558 et
988 1507 1046 1575 jum
1056 1509 1150 1572 vulgo,

89 1579 167 1650 plebi,
185 1584 221 1637 sit
237 1586 405 1657 contemptui
423 1605 455 1640 ec
471 1584 607 1651 ludibrio,
622 1586 746 1646 homiues
764 1586 870 1659 itaque,
888 1587 1018 1661 quamdiu
1037 1587 1150 1659 simplex

90 1662 167 1719 adhuc
179 1666 262 1723 luerit
272 1668 382 1741 religio,
394 1670 439 1743 pie
448 1683 475 1724 et
485 1684 576 1725 sancte
586 1671 700 1740 vixisse,
714 1684 742 1725 at
752 1684 895 1746 postquem
907 1672 1044 1744 ingenium
1056 1686 1150 1745 poeta·

90 1764 139 1799 run
153 1768 214 1805 eum
224 1752 318 1806 multis
330 1754 456 1825 argutiis,
465 1752 565 1808 subulis
572 1756 715 1829 pravisque
724 1755 897 1828 opinionibus
908 1755 943 1809 de
957 1768 1070 1821 nutura,
1080 1756 1149 1820 vitu,

90 1832 197 1887 moribus
216 1845 244 1888 et
262 1834 363 1906 ingenti
378 1856 491 1891 numero
508 1837 622 1893 deornm
641 1837 848 1907 deformaverit,
867 1858 884 1894 a
902 1839 997 1912 probis
1015 1840 1149 1910 majorum

89 1914 197 1971 naribus
207 1916 243 1971 ed
256 1918 421 1991 impietatem
434 1934 461 1975 et
473 1923 575 1977 scelere
588 1920 726 1977 defecisse.
741 1924 805 1977 Haec
819 1922 903 1995 igitur
915 1918 1105 1996 teotuqoip'un,
1122 1935 1149 1975 et

88 2012 227 2055 commenta
238 2015 380 2074 poetarum
392 2004 483 2061 multis
495 2006 652 2061 deridentur
662 2007 764 2061 suibus
776 2007 932 2080 facetiisque
944 2008 1024 2077 (utin
1038 2007 1150 2060 Luciani

89 2081 183 2155 Dialog.
197 2086 342 2158 Deorum),
360 2087 407 2141 sed
422 2101 449 2142 et
466 2091 550 2143 nimia
564 2090 656 2143 fortun
671 2090 969 2165 ingenii⁸orutionisque
985 2090 1108 2159 luxurie,
1120 2101 1149 2145 et

85 2163 176 2233 judicio
184 2169 279 2242 paullo
293 2170 422 2245 iniquiori
431 2171 466 2227 de
476 2173 646 2248 mythologie
657 2181 726 2229 ιιι.Ι

114 2320 177 2374 Vsu.
195 2326 237 2379 36.
256 2326 322 2391 Illis,
335 2342 378 2381 ιι.

114 2416 180 2475 Nor.
197 2423 240 2492 37.
257 2422 340 2478 Stulti
349 2436 376 2477 et
387 2423 519 2498 simplices
533 2436 610 2494 sunt,
622 2423 670 2499 qui
680 2424 746 2480 deos
756 2439 884 2481 verentur
896 2424 1078 2499 perjuriorum
1086 2423 1146 2481 rin·

86 2496 159 2559 dices,
166 2534 201 2545 -
209 2510 268 2559 Arse
276 2510 325 2559 νεώ,-
332 2510 370 2559 nti
378 2508 436 2564 scil.
447 2508 524 2582 igne,
534 2510 578 2566 rel
590 2510 680 2582 potius
690 2510 821 2583 sunguine
828 2508 1008 2566 victimarum.

115 2598 180 2654 Nor.
199 2600 314 2657 38-52.
333 2602 457 2671 Festive,
480 2609 525 2659 scd
543 2603 738 2661 declamatorio
755 2606 862 2678 potius,
878 2621 961 2677 quem
978 2602 1085 2675 poetico
1103 2602 1146 2657 di·

85 2682 154 2736 modi
163 2705 258 2756 genere
271 2688 432 2743 adumbrata
447 2688 594 2763 descriptio
606 2692 679 2745 enrei
692 2689 797 2750 seculi.
812 2706 867 2761 quo
875 2689 1011 2743 Ausonum
1022 2686 1144 2761 adeoque

84 2766 249 2842 Aboriginum
268 2772 478 2847 Latinorumque
496 2773 593 2845 religio
612 2771 761 2827 admodum
782 2773 896 2845 simplex
917 2772 985 2837 luit,
1003 2783 1030 2827 et
1047 2783 1143 2845 preter

83 2848 216 2907 Saturnum
224 2893 232 2919 ,
241 2856 258 2907 J
260 2872 355 2916 anum,
364 2856 458 2908 Picum
468 2868 495 2909 et
504 2856 627 2909 Faunum
638 2856 705 2909 ulios
717 2856 853 2925 ignoravit
861 2855 941 2920 deos;
952 2854 999 2927 qui
1009 2866 1100 2926 postea
1110 2873 1143 2907 ex

84 2931 228 2993 Grecornm
240 2939 408 3012 mythologie
419 2938 516 2993 adsciti
532 2952 603 2992 sunt.
616 2938 694 2993 Cous.
709 2939 775 2992 Ver.
785 2941 860 2993 leot.
871 2936 906 2992 ud
918 2957 958 2991 vs.
971 2943 1014 3002 41.
1026 2968 1061 2979 -
1072 2937 1143 2988 Indi·

81 3038 154 3085 geue,
171 3022 254 3097 prisci
266 3024 362 3077 iuoolu
379 3024 465 3087 Latii,
480 3024 655 3095 Aborigines,
671 3042 727 3077 non
739 3036 844 3076 tuntum
860 3024 987 3097 incipet,
1002 3020 1141 3075 sedetiam

83 3105 224 3174 ωἰτᾶχιιιις,
233 3109 375 3181 αὐθιγενεῖς,
387 3110 504 3161 bremme
509 3144 519 3169 ,
528 3108 581 3163 huc
591 3108 765 3179 simplicitate
775 3126 808 3160 ec
817 3106 884 3171 lide,
896 3106 994 3178 pietate
1004 3116 1032 3160 et
1041 3104 1141 3159 suncti·

83 3196 130 3241 lule
143 3190 222 3259 vite,
241 3194 380 3257 nirdam,
400 3209 482 3246 uureu
499 3204 597 3259 utute,
618 3210 672 3265 qua
689 3190 813 3263 regnarit
829 3195 965 3251 Mamm,
980 3191 1050 3256 prins
1066 3206 1140 3257 quam

81 3268 134 3339 bic,
152 3292 168 3328 a
184 3277 254 3329 Jove
269 3275 327 3329 lilio
340 3292 390 3329 suo
406 3288 502 3329 exutus
518 3296 615 3351 regno,
629 3280 737 3348 fugiens
752 3280 893 3329 diademate
911 3275 1021 3342 deposito
1038 3284 1142 3325 sumetur

81 3370 186 3423 agrestem
193 3361 305 3429 salvem,
321 3360 475 3435 symbolum
491 3363 600 3417 messis:
614 3380 677 3417 nem
694 3365 750 3432 ipse
767 3360 899 3412 Saturnus
917 3356 970 3409 luit
986 3353 1139 3427 symbolum

80 3442 187 3497 melioris
199 3445 277 3509 vitre,
296 3445 372 3518 cujus
390 3446 467 3517 origo
477 3464 494 3498 a
507 3447 635 3511 statione,
649 3464 734 3499 messe
747 3443 924 3515 frugibusque
938 3435 1053 3493 inventis
1063 3455 1140 3507 repe·

80 3524 151 3581 leuda
159 3542 212 3596 est,
225 3542 253 3584 et
265 3530 330 3585 hinc
342 3530 501 3602 Aborigines
513 3532 572 3604 ugri
584 3530 697 3603 viteque
706 3529 811 3582 cultum
822 3525 946 3581 docuisse
955 3522 1076 3594 lingitur.
1092 3527 1104 3555 ²

109 3672 174 3724 Vsu.
190 3682 235 3733 so.
255 3674 495 3744 Sammusfitglem,
509 3685 535 3725 et
547 3687 601 3726 erat
615 3674 763 3741 plegarnanis
776 3674 857 3735 runo,
871 3684 913 3733 ιι,
925 3659 999 3735 plene
1014 3666 1137 3735 eleganter

489 3846 720 3867 mmm

108 3974 117 4001 ¹
134 3968 202 4020 Cous.
216 3972 308 4037 Rigalt.
321 3972 352 4021 de
365 3972 436 4022 Satir.
448 3974 540 4025 Juven.
552 3983 577 4023 et
620 3973 653 4023 nd
666 3974 738 4039 Virg.
752 3970 852 4023 AEueid.
865 3973 929 4035 Vll,
940 3972 1006 4021 etin
1019 3971 1079 4021 lixo.
1092 3972 1133 4031 113

76 4059 140 4111 ςῖῬῑι
149 4049 179 4097 ῑᾶ
189 4052 241 4111 111,
254 4054 303 4101 3¹2
315 4070 367 4119 seq·
621 4052 843 4115 renuentum,
853 4052 1131 4117 trs-329·cont.sn-

106 4131 116 4157 ²
134 4130 189 4181 Vid,
204 4132 286 4197 lleyu.
301 4132 328 4183 iu
338 4134 440 4185 Excurs.
452 4134 496 4195 IV,
508 4144 532 4185 et
545 4134 577 4198 V,
620 4152 665 4201 prs
678 4136 730 4199 Vl,
746 4136 838 4185 1—13.
