2784 4917
262 376 1315 421 :gg—,mmm

377 619 626 716 SATIRAE
655 615 912 707 numum
939 617 1210 734 Qulurn

626 799 960 870 ARGUMENTUM.

484 1039 531 1086 His
539 1037 613 1088 docet
621 1037 739 1103 essmplis
750 1047 822 1086 natos
835 1037 897 1086 mrls
909 1039 959 1087 vitu
969 1048 1108 1104 petentum.

485 1132 580 1182 lmbuit
589 1133 710 1198 exemplis
720 1143 791 1182 ustos
802 1133 864 1192 melu
874 1134 924 1183 ultr
934 1145 1074 1200 petentum.

282 1286 321 1334 sn
332 1284 490 1323 rusernutr.
501 1299 537 1311 —
544 1277 617 1324 ΠΕΡΙ
628 1277 793 1324 mmmm
803 1277 884 1324 ΠΡΟΣ
894 1277 1072 1325 ΦΟΥΣΚΙΝΟΝ
1083 1273 1095 1341 (
1100 1271 1302 1325 wlmltfflllu

382 1357 441 1408 Lat.
451 1355 518 1408 Ere.
532 1354 633 1426 Pleu).
643 1385 678 1396 —
687 1373 726 1410 nr
738 1355 996 1416 memoriosum
1005 1385 1042 1398 -
1051 1373 1211 1416 runnu!

258 1452 401 1490 nunnus.
411 1455 563 1491 -uonrss
573 1456 665 1505 runos,
677 1456 731 1502 qur
743 1455 832 1492 rruros
843 1455 1127 1492 rusvisrnsrrruuur
1137 1453 1318 1490 nocuxmu.

300 1667 429 1724 Plurima
439 1680 508 1728 sunt
523 1669 633 1746 turpis,
646 1689 710 1745 quae
724 1681 857 1744 parentes
872 1679 932 1725 tam
946 1668 1101 1744 exemplis,
1119 1687 1207 1744 qnam
1219 1666 1314 1724 institn

263 1768 343 1828 tione
354 1790 388 1828 ae
397 1773 546 1848 praeceptis
559 1773 667 1830 llberos
676 1772 801 1842 docent,
810 1793 852 1829 vs.
871 1773 955 1830 1-3.
967 1773 999 1830 Si
1011 1773 1055 1828 illi
1065 1773 1248 1829 oblectantur
1256 1773 1317 1838 alea,

262 1875 311 1931 vel
323 1875 444 1932 delicate
456 1887 487 1934 et
497 1877 624 1934 molliter
633 1875 751 1945 vivunt,
763 1877 809 1932 vel
820 1895 918 1934 servos
926 1877 1082 1933 inhumane
1098 1886 1236 1946 tractant,
1249 1876 1317 1932 etiam

263 1979 296 2036 hi
306 1991 419 2038 mature
432 1982 548 2041 discunt
562 1981 679 2049 ludere,
693 1981 805 2056 epulari
817 1999 850 2036 ae
865 1981 978 2051 saevire,
994 1979 1184 2050 4-25AE11u
1200 1979 1318 2036 adultere

263 2080 382 2153 iisdem,
403 2083 509 2157 quibus
524 2064 626 2155 mat'er,
642 2083 790 2142 amoribus
806 2083 954 2162 indulget,
977 2083 1104 2142 25-30.
1124 2087 1186 2142 Nec
1205 2085 1317 2140 mirum:

263 2194 368 2241 natura
382 2185 460 2245 enim
471 2185 514 2244 ita
524 2197 722 2262 comparatum
731 2199 790 2262 est,
806 2201 841 2246 ut
855 2189 887 2246 in
904 2191 1057 2266 exemplis,
1070 2190 1216 2266 precipue
1230 2207 1319 2265 pareu-

266 2299 348 2363 tum,
362 2290 485 2348 murima
496 2292 534 2348 sit
545 2293 604 2364 vis,
620 2304 650 2350 et
662 2293 775 2362 enimus
788 2294 939 2352 hominum
954 2295 1044 2371 magis
1056 2293 1094 2351 ad
1104 2293 1190 2366 vitia,
1203 2311 1280 2370 quarn
1290 2290 1318 2346 ad

265 2395 405 2454 virtutem
416 2396 549 2466 inclinet,
566 2397 694 2466 31-43.
712 2401 784 2469 Quae
800 2418 891 2474 quum
906 2399 946 2455 itu
956 2399 1028 2468 sint,
1043 2419 1111 2456 cave
1127 2399 1319 2475 nequidquam
1360 2367 1361 2444 l

263 2500 412 2558 inhonesti
428 2512 459 2558 et
475 2501 620 2575 obsceni,
640 2503 688 2559 vel
704 2502 781 2560 dicas
795 2504 843 2560 vel
857 2501 943 2560 facias
957 2521 1054 2560 coram
1070 2502 1188 2575 liberis,
1209 2508 1316 2573 44-49.

266 2604 326 2674 Qui
340 2605 438 2663 sinon
451 2605 511 2664 on's
526 2618 638 2671 tentum
652 2616 682 2664 et
694 2606 846 2682 corporis,
860 2606 913 2664 sed
927 2607 1015 2664 animi
1027 2627 1144 2683 quoque
1157 2607 1255 2663 habitu
1268 2622 1320 2661 mo-

265 2705 405 2783 ribusque
420 2710 475 2766 tibi
492 2709 602 2769 fuerint
615 2710 720 2768 similes
732 2722 768 2788 ,et
787 2711 919 2786 exemplo
933 2722 984 2767 tuo
1000 2710 1201 2786 peccaverint,
1221 2721 1318 2766 tuorum

265 2813 322 2869 tibi
333 2816 464 2872 conscius
478 2817 634 2888 vitiorum,
648 2837 699 2874 eos
713 2815 850 2894 castigare
865 2827 894 2874 et
906 2814 1011 2891 punire
1028 2833 1090 2872 non
1106 2814 1238 2886 audebis,
1258 2811 1319 2869 50-

263 2913 315 2994 58.
335 2916 443 2974 Amicis
461 2917 499 2973 ad
519 2937 630 2976 coennm
646 2920 795 2992 invitatis,
813 2919 894 2976 omni
909 2937 998 2994 opera
1011 2917 1146 2988 eniteris,
1160 2928 1195 2973 ut
1210 2916 1317 2992 supellex
1360 2959 1361 2996 ,

264 3022 344 3087 lautu
358 3019 395 3075 sit
406 3030 493 3096 atque
506 3021 674 3096 magnifica;
692 3023 767 3080 illud
784 3041 855 3080 vero
873 3041 934 3080 non
953 3043 1048 3095 curus,
1070 3034 1103 3080 ut
1117 3021 1172 3078 filii
1186 3015 1319 3080 demuma

266 3129 351 3204 culpa
366 3127 448 3202 quusi
460 3126 634 3204 flagitiisque
648 3148 768 3186 vacuam
783 3139 813 3186 et
825 3129 936 3206 probos
952 3146 1066 3198 mores,
1084 3138 1221 3202 tunquam
1234 3145 1319 3202 specu-
1360 3113 1361 3194 l

263 3236 341 3306 lum,
357 3233 533 3304 intueantur,
552 3232 680 3310 59-69.
694 3235 772 3291 Bene
791 3234 828 3291 de
843 3233 935 3309 patria
952 3244 1097 3304 meretur,
1116 3233 1168 3308 qui
1187 3229 1319 3290 liberosei
1360 3261 1361 3296 ι

265 3337 377 3415 giguit,
390 3337 481 3395 modo
496 3347 596 3409 curet,
609 3348 643 3394 ut
656 3337 751 3394 eidem
765 3338 849 3395 utiles
863 3335 935 3409 sint,
951 3355 1077 3410 70-72.
1091 3336 1252 3394 Plurimum
1263 3353 1318 3392 vero

266 3442 400 3514 interest,
412 3441 519 3518 quibus
531 3440 576 3498 illi
588 3440 719 3500 moribus
731 3443 899 3518 artibusque
911 3441 1116 3514 instituuntur,
1131 3452 1161 3498 et
1173 3443 1266 3516 qtnles
1275 3440 1318 3497 siut
1360 3443 1361 3458 ²

266 3560 412 3624 parentes,
430 3548 567 3624 quoniam
577 3547 615 3604 ub
625 3546 661 3604 iis
671 3548 802 3622 exemplu
813 3558 945 3620 sumunt,
957 3557 1000 3619 et,
1012 3565 1076 3622 quse
1087 3565 1104 3602 a
1117 3549 1225 3604 teneris
1234 3544 1319 3622 ungul-
1360 3523 1361 3614 l

268 3653 340 3714 culis
348 3654 510 3728 discuntur,
518 3653 663 3711 mentibus
672 3649 761 3707 infixa
772 3651 896 3723 haerent,
913 3651 995 3727 quod
1005 3651 1052 3708 vel
1061 3651 1226 3708 animalium
1236 3669 1317 3709 eren-
1360 3635 1361 3704 l

263 3757 312 3832 pla
322 3759 449 3834 probant
461 3781 468 3816 ι
482 3778 550 3816 nam
564 3757 695 3828 ciconiae,
711 3755 834 3813 vulturis
848 3766 878 3813 et
891 3754 994 3832 aquile
1003 3754 1077 3828 pulli
1091 3755 1236 3826 eamdem,
1248 3769 1315 3829 quin

264 3871 412 3938 parentes,
427 3865 520 3920 victus
534 3861 772 3921 consuetudinem
785 3879 838 3936 per
851 3871 941 3919 totam
951 3859 1042 3918 vitam
1056 3870 1189 3932 servunt,
1208 3855 1314 3932 73-35.

264 3965 405 4024 Similiter
419 3965 623 4024 edificatorem
633 3965 710 4023 filins
723 3964 854 4023 imitatur
865 3963 876 4043 (
883 3963 1034 4042 86-95),
1050 3976 1079 4023 et
1091 3965 1205 4040 parvuli
1216 3967 1232 4020 J
1234 3965 1313 4020 udaeo·

263 4090 330 4130 rum
343 4070 416 4127 nihil
431 4069 468 4127 de
485 4069 705 4144 superstitione,
717 4069 855 4127 institutis
867 4069 1055 4146 moribusque
1067 4071 1194 4144 paternis
1205 4075 1311 4130 mutant,
