2784 4917
283 352 326 417 66
560 350 619 413 -D.
642 344 774 410 IUNII
795 344 1060 415 Juvuttatts

283 464 374 534 Felix
388 464 565 547 nimirum,
580 461 639 556 qni
653 473 705 529 tot
716 484 778 554 per
789 457 909 529 saecula
923 477 1068 531 mortem

282 575 438 659 Distulit,
454 589 555 668 atque
574 596 651 641 suos
662 572 732 664 jam
750 570 865 639 dextra
881 585 1056 665 computat
1070 598 1192 661 annos,

282 687 418 778 Quique
436 707 563 753 norum
581 682 679 750 toties
695 694 844 749 mustum
860 678 961 751 bibit!
979 682 1071 770 Oro,
1090 708 1271 779 parumper
1297 700 1340 752 25⁰

282 794 459 881 Attendas,
476 806 641 885 quantum
660 790 703 859 de
719 779 848 885 legibus
865 791 936 884 ipse
952 808 1114 885 queratur

280 908 458 989 Fatorum,
478 916 511 970 et
525 901 630 969 nimio
643 899 686 968 de
698 898 860 983 stamine,
873 924 979 992 quum
996 901 1089 971 videt
1103 902 1192 972 acris

281 1010 452 1082 Antilochi
468 1008 606 1078 barbam
622 1008 817 1095 ardentem3
836 1033 941 1101 quum
958 1012 1077 1104 qurerit
1090 1012 1132 1080 ab
1146 1013 1255 1099 omni,

282 1120 442 1215 Quisquis
455 1118 545 1187 adest
557 1118 681 1203 socius,
695 1142 756 1186 cur
769 1118 841 1186 haec
855 1118 889 1185 in
905 1132 1060 1213 tempora
1070 1120 1185 1207 duret;

281 1230 382 1317 Quod
398 1228 527 1298 facinus
545 1226 685 1322 dignum
701 1241 768 1295 tam
786 1226 889 1323 longo
902 1229 1075 1299 admiserit
1086 1232 1182 1301 aevo?
1301 1246 1343 1297 255

282 1342 363 1407 Haec
377 1336 494 1406 eadem
509 1334 644 1423 Peleus,
659 1351 793 1429 raptum
808 1362 913 1431 quum
928 1338 1022 1436 luget
1035 1339 1220 1427 Achillem3
1272 1396 1276 1406 .

281 1456 392 1541 Atque
409 1446 510 1534 alius,
533 1447 587 1516 cui
606 1445 656 1515 fas
677 1446 834 1515 Ithacum
851 1446 968 1543 lugere
987 1464 1169 1519 natantem.

281 1555 449 1626 Incolumi
462 1556 548 1650 troja
563 1556 716 1626 Priamus
728 1556 873 1626 venisset
885 1558 926 1627 ad
938 1559 1075 1627 umbras

280 1666 432 1735 Assaraci
451 1666 580 1759 magnis
594 1662 805 1751 solennibus,
820 1668 967 1733 Hectore
980 1666 1081 1736 funus

282 1779 462 1861 Portante,
477 1798 516 1843 ac
535 1771 669 1867 reliquis
685 1772 829 1841 fratrum
844 1775 1051 1863 cervicibus,
1071 1778 1161 1845 inter
1301 1798 1343 1845 26⁰

281 1884 426 1954 Iliadum
442 1880 621 1977 lacrymas,
637 1896 676 1951 ut
689 1882 820 1975 primos
834 1882 933 1951 edere
947 1882 1103 1978 planctus

280 1993 464 2065 Cassandra
480 1992 657 2084 inciperet,
670 1992 837 2085 scissaque
847 1990 1016 2086 Polyxena
1029 1992 1133 2088 palla,
1205 2016 1210 2040 ¹

282 2106 316 2173 Si
335 2104 425 2173 soret
443 2102 630 2171 exstinctus
648 2100 781 2171 diverso
798 2116 969 2196 tempore,
982 2130 1051 2198 quo
1065 2129 1136 2173 non

282 2219 439 2308 Coeperat
458 2212 600 2281 audaces
619 2213 712 2281 Paris
732 2212 896 2283 aedificare
914 2217 1054 2285 carinas.

282 2326 401 2419 Longa
417 2320 486 2389 dies
501 2320 603 2415 igitur
616 2321 698 2415 quid
715 2319 877 2391 contulit?
889 2323 1006 2391 omnia
1021 2323 1105 2391 vidit
1302 2340 1343 2389 ast

284 2516 393 2573 tamdiu
404 2516 494 2571 vitam
508 2516 725 2596 prorogaverit,
734 2515 851 2590 jamque
869 2516 971 2573 dextra
988 2528 1088 2574 utatur
1100 2535 1188 2573 manu
1202 2519 1242 2575 ad
1255 2536 1347 2574 nume-

283 2611 402 2665 randam
417 2620 544 2679 aetatem,
558 2628 590 2665 ac
601 2610 687 2665 toties
699 2608 800 2663 vinum
811 2628 912 2665 recens
922 2610 1107 2685 bornumque
1119 2621 1211 2685 potet.
1230 2614 1347 2681 Verum,

283 2703 397 2769 amabo,
408 2702 538 2776 expende
549 2720 635 2776 quam
650 2704 778 2779 graviter
788 2701 850 2776 ipse
861 2702 1034 2759 delatorum
1045 2702 1168 2759 decretis
1178 2704 1346 2778 expostulet,

272 2803 317 2848 =ut
330 2793 398 2847 ritae
407 2792 549 2867 longioris
562 2792 642 2850 filum
654 2806 781 2863 accuset,
794 2814 884 2869 quum
897 2796 941 2851 sui
951 2796 1113 2866 Antilochi,
1121 2796 1182 2869 jam
1193 2796 1348 2871 grandioris

284 2896 313 2942 et
328 2883 445 2940 barbati
462 2885 585 2942 cadaver
605 2886 771 2961 impositum
789 2906 862 2963 rogo
881 2890 1004 2945 cremari
1020 2888 1121 2945 cernit.
1136 2891 1210 2945 Nam
1229 2890 1349 2967 singulos

285 2976 410 3046 sodales,
423 2976 598 3051 quicumque
612 2978 742 3048 adstant,
756 2978 935 3055 interrogat,
951 2999 1006 3037 cnr
1022 2980 1061 3036 ad
1074 2981 1150 3037 illud
1161 3000 1256 3037 urum
1268 2999 1349 3055 usqne

283 3066 488 3143 permanserit,
509 3078 538 3123 et
554 3070 635 3143 quod
654 3070 767 3126 facinus
780 3072 944 3142 admiserit,
962 3072 1010 3128 cui
1030 3092 1114 3147 poena
1134 3084 1192 3128 tam
1210 3073 1349 3129 diuturne

203 3166 208 3183 '
284 3162 351 3217 vitae
368 3160 472 3215 merito
494 3160 531 3216 sit
543 3160 688 3237 irrogata?
706 3162 813 3219 Eadem
830 3165 930 3219 Peleus
948 3165 1091 3239 queritur,
1106 3184 1197 3239 quum
1214 3167 1350 3223 Achillem

285 3251 377 3309 lilium
399 3251 503 3309 acerbe
521 3264 614 3309 morte
635 3254 689 3310 sibi
710 3266 841 3329 ereptum
858 3256 1008 3330 deplorat3
1027 3276 1141 3314 necnon
1160 3260 1292 3326 Laertes,
1309 3256 1350 3312 cui

284 3356 415 3402 senectus
426 3344 513 3420 longa
530 3344 640 3403 idcirco
654 3347 772 3405 videtur
786 3348 955 3423 contigisse,
971 3362 1005 3406 nt
1019 3352 1151 3425 Ulyssem
1164 3351 1255 3408 variis
1265 3348 1350 3426 pelagi

284 3438 433 3497 erroribus
438 3438 577 3511 jactatum
586 3439 824 3514 diutiuslugeret.
832 3442 1000 3498 SiPriamus
1008 3443 1124 3499 obiisset
1132 3441 1349 3500 florenteodbnc

284 3531 390 3605 Troja,
405 3531 461 3587 alio
476 3542 619 3605 tempore,
640 3550 700 3605 quo
717 3535 796 3588 Paris
811 3535 842 3588 in
858 3536 999 3589 Graeciam
1013 3535 1213 3609 profecturus,
1229 3548 1259 3593 et
1273 3536 1351 3591 Hele·

284 3640 350 3677 nam
360 3622 460 3677 audaci
471 3634 606 3699 rapturus
616 3624 737 3692 scelere,
745 3624 806 3698 jam
816 3626 932 3681 classem
942 3626 1114 3695 adornabat,
1126 3626 1260 3701 profecto
1269 3629 1350 3684 elatus

282 3712 384 3770 fuisset
393 3734 499 3790 magno
511 3728 666 3792 apparatu,
678 3728 708 3774 ct
720 3717 758 3772 ad
771 3718 899 3773 Assaraci
909 3738 1008 3774 manes
1019 3719 1133 3793 placide
1147 3720 1349 3783 descendisset,

283 3806 409 3861 Hectore
417 3824 481 3860 curn
494 3807 633 3865 fratribus
643 3809 809 3883 impositum
820 3810 948 3866 humeris
956 3812 1079 3867 cadaver
1088 3812 1280 3887 gestantibus;
1288 3813 1351 3866 Tro

281 3895 357 3971 jonis
371 3898 512 3953 matronis
522 3900 601 3955 luctu
614 3900 743 3975 fletuque
759 3902 845 3958 funus
861 3904 1115 3978 prosequentibus;
1127 3904 1287 3959 Cassandra
1295 3900 1351 3976 pri·

283 4006 346 4045 mos
360 3988 493 4063 planctus
506 3989 660 4049 inchoante
665 4016 674 4063 ;
687 3996 832 4070 Polyxena
848 3995 970 4052 discissis
984 3996 1112 4052 vestibus
1126 3996 1244 4051 eosdem
1258 3996 1350 4051 incen-

285 4082 380 4138 dente.
401 4079 481 4151 Quid
497 4080 587 4156 igitur
605 4085 753 4141 Priamum
775 4089 832 4143 vita
854 4088 971 4164 longior
989 4089 1088 4161 juvit?
1110 4087 1166 4144 nisi
1182 4098 1216 4144 ut
1236 4086 1348 4163 patriam
