2784 4917
304 350 494 418 semim
516 350 716 416 numme
737 350 913 419 ssxrt.
1080 352 1145 434 423

29 462 297 535 Excusaturos
313 492 382 535 uon
399 466 614 535 sollicitemus
628 465 766 537 amicos.

88 573 158 641 Da
176 588 319 663 testem,
338 575 442 671 judex
457 600 562 670 quum
579 575 723 663 dixerit3
743 577 861 647 audeat
877 576 948 665 ille,

30 683 190 752 Nescio
206 688 305 779 quis,
317 712 449 784 pugnos
463 688 522 780 qui
536 686 639 773 vidit,
659 686 788 774 dicere,
801 688 903 758 Vidi?
1112 710 1146 763 3ο
1203 744 1210 755 -

33 794 84 859 Et
102 794 263 864 credam
278 796 418 891 dignum
436 797 539 865 herba
555 796 766 891 dignumque
781 799 909 896 capillis

37 904 240 997 Majorum
255 931 265 974 t
283 907 380 975 citius
398 904 519 977 falsum
537 906 726 1000 producere
741 924 860 979 testem

36 1017 196 1085 Contra
210 1042 381 1113 paganum
397 1019 519 1114 possis,
537 1042 638 1116 quum
653 1044 731 1089 vera
745 1019 943 1116 loquentem
1058 1069 1060 1072 -

41 1128 196 1197 Contra
214 1129 388 1199 fortunam
405 1130 523 1199 armati
540 1145 726 1223 contraque
741 1131 919 1225 pudorem.

97 1238 262 1307 Praemia
276 1263 368 1308 nunc
381 1238 462 1327 elia,
477 1255 577 1333 atque
593 1238 658 1308 alia
670 1239 899 1311 emolumenta
913 1257 1070 1313 notemus
1109 1256 1143 1310 35

46 1348 389 1419 sacramentorum:
407 1347 593 1419 convallem
611 1350 698 1419 ruris
711 1350 795 1419 aviti

46 1460 272 1552 improbus,
291 1475 349 1529 aut
364 1484 520 1555 campum
538 1460 621 1529 mihi
638 1460 665 1530 si
680 1461 811 1530 vicinus
828 1462 972 1549 ademit,

48 1568 98 1635 Et
120 1592 270 1638 sacrum
288 1569 409 1640 effodit
425 1571 536 1640 medio
555 1571 596 1641 de
614 1570 717 1640 limite
731 1594 865 1657 saxum,

53 1673 167 1763 Quod
186 1703 263 1747 mea
279 1704 357 1749 cum
370 1676 484 1749 vetulo
500 1680 605 1750 coluit
622 1681 697 1775 puls
716 1704 828 1749 annua
846 1679 933 1766 libo;

40 1785 218 1857 'Debitor
229 1802 288 1858 out
301 1804 452 1884 sumptos
467 1794 577 1887 pergit
595 1816 665 1861 non
681 1789 826 1860 reddere
839 1814 978 1876 numos,
1111 1805 1144 1862 to

55 1892 162 1964 Vana
177 1900 379 1992 supervacui
395 1898 510 1970 dicens
528 1898 754 1997 chirographa
771 1899 877 1995 ligni:

59 2006 325 2101 Exspectandus
340 2010 418 2097 crit,
436 2010 495 2104 qui
514 2010 587 2080 lites
601 2012 755 2094 inchoet,
770 2034 878 2079 annus

61 2114 190 2188 Totius
208 2119 348 2215 populi;
368 2122 426 2192 sed
441 2137 524 2191 tuuc
539 2148 672 2217 quoque
690 2121 781 2191 mille
799 2120 938 2212 serenda

62 2224 204 2314 Taedia,
220 2227 309 2298 mille
323 2255 447 2319 moree3
470 2230 567 2301 toties
582 2230 737 2301 subsellia
753 2247 886 2301 tentum

65 2460 169 2535 nium,
184 2464 311 2523 audeat?
325 2466 435 2524 Omitte
448 2438 539 2545 igilur
550 2468 689 2547 lacrymas
697 2488 707 2541 ;
721 2469 783 2527 noli
796 2468 903 2526 amicos
915 2485 1037 2545 urgere,
1051 2466 1102 2543 qui
1116 2476 1145 2524 te

66 2556 206 2630 rogaturi
222 2556 293 2627 siut,
311 2568 345 2613 ut
360 2576 390 2615 se
403 2560 507 2617 hebens
522 2571 680 2617 excusator.
743 2633 745 2637 ι

108 2664 158 2722 29·
182 2650 283 2721 Quum
294 2650 385 2726 judex
396 2660 498 2709 testem
510 2652 637 2726 proferri
646 2662 743 2727 petet,
760 2651 853 2709 adduc
866 2652 1004 2727 aliquem,
1021 2649 1107 2706 etiem
1121 2648 1146 2705 si

67 2736 141 2797 ictus
154 2762 323 2819 pugnorum
337 2745 434 2803 militis
448 2745 480 2802 iu
494 2755 544 2803 tuo
558 2754 686 2802 recentes
701 2764 754 2801 ore
764 2743 885 2814 viderit,
901 2762 932 2800 se
944 2742 1050 2801 vidisse
1061 2740 1145 2799 affir-

69 2843 217 2891 maturum
227 2834 239 2891 l
249 2838 312 2912 Ego
324 2854 412 2907 vero,
424 2837 449 2893 si
462 2838 526 2913 quis
541 2837 578 2895 sit
592 2836 749 2913 ejusmodi,
761 2836 839 2895 huuc
853 2835 974 2913 dignum
987 2834 1144 2909 majoribus

70 2926 197 2998 nostris,
213 2928 319 3003 quibus
333 2929 422 2986 herbo
436 2930 588 3005 capillique
607 2930 730 3000 intonsi,
740 2930 887 3006 judicabo.
908 2933 1011 3006 Longe
1021 2928 1145 2997 lucilius,

70 3015 143 3073 mihi
159 3020 260 3091 crede,
280 3022 366 3079 falsus
384 3022 462 3079 testis
473 3023 504 3078 in
521 3022 614 3081 civem
627 3034 758 3099 togatum
770 3022 948 3096 invenietur,
961 3040 1048 3097 quem
1059 3038 1146 3079 verus

72 3106 102 3163 iu
114 3109 251 3181 militem,
266 3114 317 3188 qui
334 3115 394 3189 ejus
405 3115 536 3173 fortunas
551 3126 600 3172 aut
611 3116 715 3173 famum
728 3117 821 3173 ledat.

110 3202 160 3259 35.
184 3206 386 3281 Expeudrmus
406 3208 461 3267 alis
479 3228 540 3266 uon
560 3228 655 3283 [roma¹
673 3208 813 3266 militibus
838 3214 1017 3263 sacramento
1039 3202 1146 3261 coactis

75 3308 207 3353 concessu
226 3300 420 3358 emolumenta
440 3312 468 3359 et
489 3300 649 3378 privilegio.
670 3300 703 3359 Si
720 3302 832 3359 ricinus
850 3318 974 3373 nequam
993 3308 1023 3357 et
1043 3312 1145 3351 avarus

75 3382 194 3443 abstulit
215 3390 302 3461 mihi,
319 3393 365 3449 vel
381 3410 514 3467 campum
528 3396 659 3467 plenum,
680 3394 726 3450 rel
747 3413 847 3470 ugrum
863 3391 986 3447 collibus
1001 3386 1145 3451 cinctum,

76 3480 265 3553 amajorihus
281 3484 352 3539 mihi
369 3486 523 3545 relictum:
544 3486 568 3543 si
584 3486 693 3544 emovit
710 3487 835 3561 lapidem
854 3481 1035 3540 terminalem
1049 3488 1079 3533 et
1098 3494 1146 3534 su·

77 3586 171 3643 crum,
186 3592 272 3649 quem
286 3576 372 3633 certis
388 3576 550 3648 sacrificiis,
573 3578 681 3653 pultem
696 3599 729 3635 ec
744 3580 887 3653 placentes
902 3572 958 3647 ipci
975 3572 1145 3645 imponens,

80 3674 202 3723 veneror
215 3668 385 3740 quomrum
402 3670 557 3729 ridebitur
571 3680 657 3745 neget
671 3671 742 3725 mihi
756 3669 907 3726 restituere
920 3673 1050 3732 mutuos,
1068 3682 1087 3718 a
1098 3680 1145 3721 me

80 3768 151 3825 quos
174 3758 284 3833 aceepit
299 3778 416 3829 numos,
435 3773 465 3819 ct
479 3762 722 3838 chirographum,
738 3759 817 3835 quod
840 3757 930 3831 ipsine
951 3774 1038 3812 mauu
1050 3756 1148 3831 eppo&

82 3842 164 3903 titum
179 3848 221 3907 illi
231 3849 369 3923 ostendo,
380 3853 481 3911 fulsum
493 3872 553 3911 esse
561 3853 692 3910 dictitet:
711 3852 786 3919 hec,
800 3851 932 3925 iuquam,
942 3849 966 3905 si
980 3847 1057 3923 epod
1067 3845 1146 3921 judi-

83 3954 126 3994 ces
141 3945 275 4018 persequi
289 3946 391 4013 velim,
411 3949 633 4024 exspectandum
651 3946 707 4002 erit
726 3946 819 4001 donec
834 3964 926 4001 eunus
947 3954 1026 4003 totur
1045 3943 1144 4000 litibus

84 4034 179 4105 populi
190 4035 373 4110 impendatur
384 4038 561 4113 judicandis,
576 4049 730 4114 antequam
744 4057 805 4095 mea
820 4038 992 4103 inchoetur:
1007 4036 1059 4094 uhi
1070 4050 1142 4092 vero

87 4128 191 4201 tempus
214 4126 377 4207 advenerit,
399 4142 545 4191 sexcentas
563 4149 659 4191 moras
677 4150 711 4190 oe
733 4131 818 4191 taedir
837 4132 966 4210 perterre
986 4124 1143 4206 oportebit.
