2784 4917
277 395 337 436 soa
430 368 601 436 VARIAE
624 368 919 432 LECTIONES
942 369 1008 432 Et*
1030 365 1183 431 NOTAE

272 483 349 556 parvi
362 481 489 554 ponderis
503 482 604 534 cineret
614 492 640 532 et
650 479 777 550 reliquias
788 478 855 530 tanti
866 477 943 531 ducis
952 481 1081 530 invenies?
1091 480 1116 546 (h
1123 482 1186 530 πᾶσι
1199 477 1333 548 parapsis,

273 575 329 636 φεῦ,
343 568 424 624 adeone
438 565 507 638 γαίης
521 565 586 616 ὅσσον
601 565 651 630 ἔχει
663 563 756 634 μόριον,
770 559 884 614 Leonid.
903 561 988 634 Epigr
1011 563 1117 627 LXIX,
1132 566 1162 626 6,
1178 562 1209 613 in
1227 559 1335 612 anck.

272 652 348 702 hnal.
361 663 422 704 tom.
437 651 468 714 1,
483 667 545 720 pag.
564 647 622 700 238.
636 647 737 699 Confer
751 647 831 716 Prop.
843 646 886 708 11,
897 663 923 714 7,
937 646 1050 710 ⁵131v,
1066 664 1106 707 ιι,
1121 653 1165 710 ι4ς
1177 641 1263 696 Ovid.
1276 644 1335 694 ldet

274 735 495 798 X11,615,616;
512 731 581 783 Plin.
596 731 702 798 11‚68)
720 740 849 782 ettamen
863 731 901 780 hie
916 745 950 780 ess
965 729 1025 795 ille,
1038 730 1117 800 cujus
1134 728 1335 780 auimuetaatus

274 829 345 878 crat,
363 828 394 868 at
411 815 524 887 imperio
541 814 637 867 hirieae
650 831 706 866 uon
717 824 859 865 contentus
876 826 957 877 essen
971 826 1084 884 augusta
1103 831 1173 864 urna
1190 829 1266 864 nunc
1282 829 1337 861 eum

274 901 347 974 capit
357 937 364 963 ,
374 919 469 974 quem,
481 918 564 971 quum
574 899 687 962 vireret,
700 915 755 948 non
766 897 890 968 capiebat
903 897 1008 962 Alaica3
1021 910 1048 950 et
1060 895 1171 968 quidem
1180 907 1259 948 tanta
1270 893 1336 944 orbis

275 999 406 1039 terrarum
418 1003 495 1055 pars,
513 1002 572 1054 quse
585 1001 603 1035 a
616 987 720 1041 narem,
739 980 879 1042 Africano,
896 987 1013 1045 oceano,
1025 981 1060 1032 ab
1073 980 1214 1032 Atlantico
1224 976 1292 1030 mari
1301 979 1337 1042 (ut

276 1068 349 1139 apud
365 1067 457 1118 Horat.
475 1063 527 1118 Od.
541 1065 583 1129 ll,
597 1067 613 1116 6
622 1101 630 1125 ‚
645 1065 700 1132 3),
713 1062 766 1114 hoc
776 1075 829 1126 eat,
843 1063 878 1114 ab
894 1060 1057 1126 Occidente,
1070 1060 1107 1114 ad
1123 1064 1221 1120 Nilaea,
1233 1057 1335 1110 fluvium

276 1149 398 1222 AEgypti,
417 1159 500 1219 patet.
517 1147 603 1216 (Nam
619 1149 752 1217 AEgyptua
771 1163 786 1196 a
805 1145 975 1216 Geographis
993 1145 1142 1207 veteribus,
1157 1144 1202 1198 vel
1216 1155 1287 1205 tota,
1299 1141 1337 1192 vel

275 1251 374 1302 magua
384 1250 417 1284 ex
430 1245 519 1302 parte,
530 1232 611 1293 haiae,
628 1249 644 1282 a
656 1231 788 1283 Strabone
801 1243 890 1282 autem
903 1231 934 1296 1,
952 1249 1015 1302 pag.
1028 1234 1065 1283 60
1080 1249 1136 1301 seq.
1149 1230 1269 1281 Arabico
1285 1226 1337 1278 siau

276 1315 347 1366 iuter
364 1315 454 1367 Asiam
472 1315 640 1384 Africamque
656 1313 771 1366 termino
787 1312 948 1376 constituto,
964 1313 1060 1365 Africa
1077 1311 1252 1384 adjungitur,
1266 1321 1292 1362 et
1306 1306 1336 1359 ad

278 1399 422 1464 orientem,
438 1413 468 1453 ut
482 1400 645 1454 Mauritania
657 1397 693 1452 ad
704 1397 871 1452 occidentem
886 1410 1033 1476 extremum
1046 1398 1143 1450 Alrice
1157 1397 1212 1449 sita
1224 1398 1282 1462 eat).

244 1561 249 1566 ,
314 1509 382 1560 Νοτ.
404 1507 459 1570 ι48,
480 1515 556 1577 Quem
566 1527 614 1558 noa
624 1511 691 1574 capit
699 1510 799 1576 Afrr'ca,
810 1521 862 1559 etc.
874 1519 905 1558 ut
916 1506 988 1578 apud
1003 1503 1148 1560 Claudiau.
1161 1505 1191 1557 iu
1201 1503 1289 1556 Rufio.
1299 1503 1337 1562 11,

282 1591 330 1644 155
341 1610 366 1644 τι
374 1593 435 1644 Nou
446 1592 534 1644 orbitu
544 1593 622 1654 eolis,
632 1593 692 1646 Nou
702 1593 779 1645 illum
790 1604 888 1650 natura
897 1591 998 1661 capit.»
1006 1591 1085 1644 cont.
1097 1589 1168 1641 inira
1178 1607 1220 1640 ra.
1233 1587 1281 1638 168
1288 1603 1336 1654 seq.

280 1705 316 1716 -
324 1680 459 1737 Perusiam,-
470 1675 532 1728 vide
544 1695 606 1728 mox
615 1678 681 1730 Var.
695 1678 816 1729 Lection.
824 1680 940 1735 mota,
952 1675 1114 1747 propinqua.
1127 1705 1161 1714 —
1169 1676 1231 1724 Nilo
1240 1672 1337 1739 tepensi;

281 1755 343 1811 vide
352 1757 386 1810 ad
396 1758 451 1822 vt,
466 1759 526 1828 ⁵²7·

315 1942 383 1988 Van.
404 1950 462 2002 149.
480 1939 586 2006 Perfilsa
604 1940 737 2005 (irrigata,
749 1950 778 1988 ut
791 1941 856 2005 apud
870 1937 934 1988 Plio.
947 1941 992 2000 IV,
1010 1955 1040 1987 ιι
1050 1955 1058 1998 ;
1070 1939 1103 1999 V,
1117 1954 1152 2001 29
1166 1937 1235 2003 ab),
1246 1946 1293 1996 at,
1303 1937 1338 1988 ιδ,

285 2039 326 2084 27,
339 2029 457 2085 til-kp,
470 2023 585 2085 54-69,
600 2035 719 2089 71-74,
734 2040 777 2084 77,
790 2035 815 2071 et
827 2023 887 2071 Cod.
901 2025 1003 2072 Putean.
1015 2022 1104 2070 Noetra
1114 2021 1190 2069 lectio
1202 2016 1340 2085 pmieteudt

281 2105 393 2164 videtur,
414 2105 490 2170 magia
502 2116 586 2154 tamen
602 2107 629 2153 iu
640 2107 711 2170 epico
725 2116 809 2170 poeta,
823 2122 897 2170 quam
913 2107 941 2154 in
955 2107 1063 2154 satirico.
1073 2131 1109 2142 -·
1119 2109 1240 2154 Percussa
1252 2105 1340 2150 Oceano

282 2195 318 2233 eat
330 2187 383 2247 ejus
395 2185 510 2234 fluodbus
521 2187 626 2250 pulsata,
638 2204 681 2234 reu
692 2188 826 2236 verberata.
837 2213 874 2226 --
883 2187 1072 2236 Diatiuctiouem
1082 2187 1203 2246 majorem
1214 2185 1285 2250 posui
1293 2191 1340 2246 post

281 2269 438 2334 elephantos,
451 2288 503 2320 nou
517 2283 573 2335 poet
587 2271 692 2338 tepenti,
705 2273 785 2320 uthic
797 2288 991 2335 quoqueversus
1006 2272 1037 2319 ad
1051 2271 1178 2336 superiora
1193 2283 1219 2318 et
1231 2268 1338 2316 ambitum

281 2356 392 2420 lineaque
401 2357 488 2404 Africae
498 2357 623 2406 referatur.
634 2358 776 2406 llenniniua
784 2368 809 2404 et
819 2357 861 2404 alii
868 2357 936 2404 huuc
947 2372 1045 2404 versum
1054 2366 1206 2404 connectunt
1216 2370 1271 2402 eum
1282 2367 1340 2414 seqq·

281 2451 308 2488 nt
322 2457 408 2488 seusus
420 2441 451 2488 sit
458 2456 465 2488 ε
472 2440 602 2504 AEthiopite
611 2452 635 2488 et
646 2440 790 2504 elephantis,
802 2440 851 2488 hoc
862 2449 909 2498 eat,
918 2442 1092 2498 Mauretania,
1103 2456 1148 2486 seu
1158 2440 1250 2486 Africa
1260 2451 1339 2492 mesas,

283 2523 378 2583 adhuc,
393 2524 500 2583 additur,
513 2524 655 2586 adjungitur
671 2524 799 2588 Hispania.
815 2524 864 2572 Sed
880 2540 933 2572 non
945 2524 1010 2572 bene
1023 2526 1059 2572 aie
1069 2525 1152 2572 hirica
1164 2523 1311 2586 designatur,
1319 2529 1339 2565 tt

284 2623 333 2654 vox
345 2609 455 2672 imperiis
465 2609 572 2656 additur.
585 2612 677 2656 Versus
688 2623 736 2671 pro
746 2623 828 2655 narsus
839 2609 904 2668 conj.
919 2611 951 2656 Η.
961 2609 1042 2657 Vales.
1052 2609 1101 2656 hoc
1111 2625 1186 2655 aenan
1195 2625 1202 2655 :
1215 2607 1246 2654 ad
1257 2605 1340 2653 AEthio·

283 2691 349 2752 piam
357 2707 454 2752 verena,
465 2703 507 2742 aut
515 2693 630 2742 adversus
641 2691 790 2756 Ethiopian
800 2702 824 2739 et
834 2702 922 2740 terram
934 2694 1128 2758 elephantorum.
1137 2694 1192 2758 Epo
1202 2693 1262 2740 olim
1270 2687 1339 2752 auspi·

283 2772 355 2820 nabar
363 2775 491 2836 legendum
501 2791 552 2823 esse
558 2791 672 2838 prorsus,
682 2777 762 2840 plane.
773 2775 821 2823 Sed
831 2775 887 2824 ride
896 2777 1033 2824 Commeat.
1041 2804 1077 2814 -
1087 2774 1205 2840 Aliospe
1213 2772 1339 2841 elephantos

282 2853 412 2914 exhibent,
433 2873 478 2915 ιο,
496 2867 605 2917 rt-ap,
622 2860 740 2919 45-50,
760 2860 880 2920 54—74,
896 2869 923 2906 ot
938 2859 1066 2922 epitheton
1081 2858 1112 2904 ad
1129 2857 1293 2906 diversitatem
1308 2851 1340 2898 rel

283 2947 402 2984 terrarum
415 2938 512 3001 Libya,
524 2940 550 2986 in
562 2940 651 3001 quibus
661 2940 784 3005 elephanti
795 2944 858 2999 aiut,
874 2940 913 2990 vel
927 2942 1113 3005 elephantorum
1124 2941 1152 2987 iu
1162 2939 1311 2989 Mauretania
1320 2945 1340 2981 et

283 3021 418 3086 AEthiopia,
429 3037 472 3068 seu
482 3022 604 3085 AEthiopia
613 3023 760 3071 occidentali
769 3036 794 3072 et
801 3026 925 3083 orientali,
935 3026 972 3072 vel
981 3027 1090 3089 iptorum
1102 3024 1245 3089 Ethiopum
1254 3029 1339 3086 spectri-

282 3103 321 3152 De
335 3103 381 3150 hac
394 3104 449 3150 ride
463 3105 557 3152 Comm.
570 3119 671 3168 eamque
684 3105 816 3170 significari
827 3108 949 3172 putabant
960 3109 1110 3170 Graugaeue,
1120 3103 1212 3170 Rigalt.
1221 3116 1245 3153 et
1254 3103 1304 3160 alii,
1316 3109 1339 3146 nt

283 3185 330 3235 alii
338 3203 421 3251 propr.
432 3203 484 3235 uon
493 3187 615 3250 elephanti
624 3190 686 3249 aiut,
698 3192 742 3237 sed
752 3192 886 3256 hithiopea.
898 3192 988 3240 Confer
999 3193 1057 3238 sut.
1067 3190 1147 3238 Theb.
1162 3192 1201 3248 Χ,
1217 3191 1258 3238 t5.
1270 3185 1338 3235 stulu

282 3271 437 3335 probabilior
448 3271 543 3318 videtur
556 3271 694 3320 emendatis)
711 3274 847 3332 Platbueri,
864 3278 909 3338 qui
918 3275 1035 3336 albasque
1045 3273 1192 3332 conjiciebat
1201 3272 1256 3320 coll
1270 3266 1339 3314 ΜΝ*

283 3351 408 3403 Ptolemaei
419 3358 509 3402 :Juxta
520 3354 622 3417 Libyam
631 3371 724 3420 magna
734 3357 878 3420 AEchiopnm
892 3357 974 3422 regio,
987 3357 1012 3403 in
1021 3373 1070 3420 qna
1080 3355 1223 3419 elephanti,
1237 3353 1288 3402 albi
1294 3365 1338 3396 on·

274 3443 338 3499 hes,
350 3449 374 3484 et
383 3437 555 3495 rhinocerotes,
569 3447 593 3484 et
602 3437 673 3503 tigres
683 3451 745 3486 sant.
757 3439 886 3502 Elephanti
897 3441 1006 3503 vulgares
1018 3450 1076 3487 eunt
1086 3441 1136 3486 fere
1149 3438 1243 3486 cinerei
1250 3431 1339 3499 (grati).

284 3519 389 3569 rariores
400 3521 481 3581 rubri,
496 3539 539 3570 aen
551 3519 616 3583 rufi,
631 3532 655 3568 et
667 3523 784 3570 rarissimi
795 3523 908 3578 candidiz
922 3524 989 3571 uude
1001 3525 1027 3572 in
1039 3524 1122 3587 regnis
1130 3523 1200 3586 Paga
1209 3533 1234 3570 et
1242 3521 1304 3568 san
1313 3516 1338 3561 tlt

285 3605 338 3653 aolb
348 3607 420 3654 titulo
432 3606 493 3672 regis
504 3607 607 3656 candidi
618 3607 744 3672 eleplensi
757 3619 858 3656 cruenta
869 3608 929 3655 olim
942 3609 1005 3657 bella
1016 3619 1069 3656 orta
1079 3625 1131 3656 esse
1145 3615 1263 3655 memorat
1278 3603 1310 3651 n.
1321 3601 1338 3646 le

286 3689 365 3735 Blanc
376 3689 403 3737 iu
418 3692 529 3740 itinerar.
547 3694 598 3739 Hac
609 3693 781 3740 emendatione
790 3704 885 3756 recepta
896 3693 1008 3738 totushic
1018 3708 1102 3738 versus
1110 3691 1142 3738 ad
1151 3691 1295 3754 AEthiopiarn
1304 3684 1338 3730 dt

284 3772 419 3819 notandam
429 3775 542 3836 pertinet.
550 3777 598 3824 Sed
607 3777 634 3824 iu
642 3777 764 3842 AEthiopia
773 3793 854 3823 omnes
866 3776 1008 3840 elephantos
1015 3776 1087 3822 fuisse
1096 3775 1229 3834 candidos,
1236 3771 1288 3836 quis
1298 3765 1337 3814 ribi

282 3853 423 3918 persuaderi
433 3857 556 3918 patiatur?
566 3859 595 3904 Et
604 3858 656 3906 albi
665 3859 731 3922 apud
741 3859 844 3906 Ptolem.
854 3869 911 3906 suut
919 3859 1002 3904 loraau
1013 3857 1084 3914 cani,
1097 3874 1140 3904 seu
1151 3853 1252 3908 cinerei.
1261 3852 1336 3918 Aptio-

282 3954 321 3984 res
331 3953 428 4000 quoque
437 3937 485 3984 hoc
494 3938 549 3986 loco
559 3951 616 3986 aunt
625 3941 807 4002 nllielephami.
816 3943 879 3989 Vide
886 3943 981 3988 (ὶοιιιιιι.
988 3939 1083 4002 qnaeltl.
1091 3940 1182 3988 Jacobs
1190 3938 1338 3988 haecadnota·

280 4021 334 4069 vit:
348 4043 359 4064 ι
370 4021 508 4085 legendum
523 4023 609 4068 ramos
624 4023 762 4088 Ethiopian
777 4026 926 4088 adpopulos
942 4024 1010 4088 (vide
1026 4023 1057 4071 ad
1073 4025 1137 4083 XII,
1156 4023 1221 4088 1⁰h)
1234 4023 1334 4083 altosque

282 4105 421 4173 elephantos
430 4105 538 4154 Additur
543 4105 647 4170 imperiis
655 4107 782 4171 Hispania.
794 4110 958 4174 Elephantum
966 4125 1043 4174 genus
1052 4109 1182 4173 AEthiopie
1190 4104 1278 4158 linibus
1286 4115 1338 4169 pro·
