2784 4917
136 774 451 896 SATIRA
501 775 1087 904 DUODEGIMt

530 1078 655 1094 Μ

72 1315 236 1452 Narrat,
254 1367 418 1454 Corvine,
437 1367 491 1437 die
507 1367 592 1438 mihi
610 1367 743 1438 dulcior
756 1365 829 1436 haec
845 1364 918 1456 lux,

71 1470 137 1558 Qua
152 1473 254 1546 festus
267 1479 431 1572 promissa
446 1477 516 1548 deis
534 1477 690 1548 animalia
705 1503 818 1574 cespes

72 1583 258 1678 Exspectat:
276 1590 410 1659 niveam
429 1594 553 1686 reginae
570 1589 724 1661 ducimus
740 1613 883 1685 agnam:

73 1691 128 1761 Par
140 1695 241 1768 vellus
257 1697 393 1770 dabitur
411 1701 579 1798 pugnanti
598 1703 760 1798 Gorgone
777 1701 908 1768 Maura.

76 1803 130 1873 Sed
140 1808 253 1900 procul
267 1825 443 1881 extensum
462 1809 616 1907 petulans
629 1813 739 1906 quatit
753 1809 863 1878 hostia
879 1805 1011 1892 funem,
1112 1821 1129 1871 o

76 1911 197 2009 Tarpeio
215 1933 345 1989 servata
360 1923 379 1989 J
381 1921 456 2007 ovi,
475 1919 689 2015 frontemque
704 1933 877 2008 coruscat3

72 2015 188 2120 Quippe
200 2025 296 2097 ferox
310 2029 453 2116 vitulus,
470 2029 603 2125 templis
617 2022 770 2101 maturus
786 2042 818 2098 et
834 2052 916 2112 arae,

71 2130 331 2231 Spargendusque
348 2164 461 2224 mero,
484 2165 583 2234 quern
600 2140 670 2234 jam
689 2139 795 2236 pudet
810 2137 915 2208 ubera
934 2133 1051 2206 matris

71 2240 201 2331 Duoere,
216 2247 274 2340 qui
289 2264 388 2318 vexat
401 2251 551 2319 nascenti
566 2251 689 2319 robora
703 2274 822 2320 cornu.

71 2351 383 2451 Sireampladomi
400 2356 886 2454 similisqueaffectibusesaet,
1095 2387 1127 2423 xo

70 2460 213 2558 Pinguior
227 2467 382 2562 Hispulla
400 2469 588 2541 traheretur
604 2485 738 2556 taurus,
753 2485 787 2540 et
802 2472 874 2565 ipsa

71 2568 145 2641 Mole
161 2575 267 2672 piger,
286 2602 348 2647 nec
366 2577 511 2649 finitima
526 2580 677 2650 nutritus
693 2580 730 2648 in
747 2579 872 2664 herba,

71 2676 146 2750 leta
160 2684 222 2775 ,sed
236 2687 416 2758 ostendens
431 2685 597 2758 Clitumni
614 2711 738 2782 pascua
756 2685 892 2782 sanguis

277 2911 390 2952 uma
411 2911 598 2952 nunonem
620 2911 880 2953 tummn'rto.

100 3025 120 3064 1·
137 3011 195 3070 Hic
218 3010 296 3085 dies,
318 3033 338 3071 o
358 3014 501 3086 Corviue,
522 3015 610 3073 natali
629 3035 696 3073 meo
716 3015 763 3074 die
783 3014 855 3072 mihi
875 3010 1034 3090 jucundior
1054 3020 1119 3069 eat:

70 3095 115 3158 lzc
127 3104 197 3160 mihi
215 3123 286 3162 vere
301 3106 374 3163 t'esta
392 3107 459 3177 lux,
479 3126 582 3182 quam,
601 3107 733 3164 victimae
756 3105 934 3163 immolando
957 3101 1070 3160 votivas
1086 3099 1123 3157 ad

69 3205 129 3250 tran
148 3215 164 3253 e
184 3197 255 3254 vivo
276 3199 383 3273 cespite
401 3209 560 3270 structam,
580 3201 728 3259 celebrare
747 3199 872 3258 decrevi·
895 3202 981 3274 Agna
1001 3194 1123 3252 candida

68 3281 156 3344 lunoni
170 3285 382 3348 sacrificaturus
398 3310 479 3365 aum3
495 3310 569 3369 agna
587 3292 717 3367 ejusdem
731 3293 847 3351 velleris
865 3311 898 3348 ac
913 3289 1020 3346 coloris
1038 3283 1123 3342 dabi-

68 3382 104 3431 lur
118 3381 235 3452 Palladi,
254 3402 318 3458 quae
336 3394 445 3459 pugnat
458 3395 569 3441 armata
584 3387 687 3461 clypeo
704 3384 829 3462 effigiem
850 3387 959 3440 Maure
976 3377 1123 3454 Gorgonis

68 3481 186 3537 ponte:
205 3474 256 3532 sed
275 3474 385 3531 vitulus
403 3475 569 3550 Capitolino
582 3478 651 3535 lovi
664 3479 839 3547 destinatus,
857 3477 970 3546 funem,
986 3494 1045 3550 quo
1058 3471 1123 3528 alli-

68 3570 131 3630 guus
145 3578 201 3638 est,
222 3568 326 3642 procul
348 3577 497 3624 extensum
515 3570 656 3640 succutit,
678 3579 707 3626 et
727 3579 813 3644 caput
833 3567 966 3642 petulans
988 3575 1120 3638 quassat:

71 3665 155 3730 nempe
168 3657 228 3732 jam
244 3658 341 3729 ferox,
355 3658 416 3734 jam
429 3659 520 3716 ubere
536 3663 635 3719 matris
649 3660 802 3736 depulsus,
819 3659 945 3732 satisque
959 3657 1071 3715 validus
1088 3667 1122 3714 ut

67 3751 258 3823 emergentibus
279 3751 408 3825 primum
428 3752 567 3809 cornibus
590 3752 710 3809 arborea
728 3754 864 3822 lacessat,
887 3769 919 3807 ac
939 3769 993 3826 per
1009 3763 1120 3816 aetatem

66 3831 182 3918 idoneus,
198 3855 232 3901 ut
243 3845 354 3920 templo
366 3845 463 3902 eteris
474 3846 684 3915 admoveatur,
701 3845 820 3920 ejusque
834 3855 919 3920 caput
934 3845 1004 3903 vino
1021 3865 1116 3922 asper·

68 3941 144 4002 gatar.
160 3936 191 3994 Si
207 3937 315 3994 divitiis
331 3936 498 4010 effluerem,
517 3957 549 3995 ac
566 3937 711 3994 voluntati
726 3925 795 4013 opes
815 3939 1045 4013 responderent,
1064 3939 1120 3998 ad-

69 4017 182 4083 ducerem
202 4031 239 4087 ad
257 4049 320 4087 arae
342 4040 457 4087 taurum
475 4030 607 4105 Hispulla
626 4031 717 4107 magia
738 4031 874 4104 obesum,
896 4051 981 4106 quem
1005 4031 1119 4087 tardio-

70 4127 118 4170 rem
134 4120 216 4197 adeps
237 4143 270 4180 ae
288 4134 366 4180 vasta
386 4123 518 4200 corporis
534 4127 625 4183 moles
642 4126 767 4198 faceret3
786 4146 882 4202 neque
904 4126 953 4183 ille
971 4124 1001 4179 iu
1018 4123 1120 4181 vicinis

69 4205 183 4272 ‘duum
199 4216 276 4275 soret
297 4217 426 4293 poeuis,
451 4217 503 4278 sed
523 4219 667 4299 saginatus
690 4219 723 4280 iu
742 4219 848 4298 opimis
870 4215 1010 4276 cutumni
1027 4214 1121 4292 ripi'a,
