2784 4917
129 389 336 456 SATIRAE
357 387 565 454 DECIMAE
588 384 710 470 QUIN
716 383 788 452 TAE
810 385 1051 452 ANALYSIS.
1076 383 1140 464 367

43 515 72 557 et
89 503 205 579 ignari
217 505 314 562 adbuc
332 505 500 564 Stoicorum
515 501 724 579 philosophiae,
751 500 842 556 vitam
865 501 1018 558 inhonesto
1037 497 1140 566 modo,

40 597 255 654 taumanorum
275 597 386 656 seilicet
402 614 562 672 corporum
583 594 720 670 depilaus,
738 592 938 668 protraxerint
954 590 1141 669 (93-1110);

41 707 108 744 non
122 689 264 760 Tauros,
281 689 334 765 qui
348 689 482 748 homines
495 699 609 746 nutum
624 685 843 744 immolaverint
855 685 969 756 Dianae,
981 703 1043 742 non
1056 683 1143 740 etiam

42 781 245 839 comederint
253 781 279 859 (ι
288 782 380 840 15-1
388 781 436 861 ¹9)
444 803 454 853 ;
463 803 526 840 non
537 782 673 840 Cimbros
684 799 739 836 nec
748 779 919 849 Britannos,
930 789 981 836 aut
990 779 1143 836 Sauroma-

43 885 89 930 tas
103 885 140 932 et
155 876 344 952 Agathyrsos
356 873 549 952 (119-128).
566 876 644 932 Tum
656 883 743 947 poeta
758 871 862 928 acerbe
873 871 1004 946 increpat
1015 864 1143 924 inimici-

45 969 120 1024 tiam
132 979 169 1026 et
181 969 301 1040 odium,
312 969 396 1045 quod
404 969 475 1028 §ern
487 987 550 1026 non
561 967 620 1024 nisi
628 966 769 1041 indispar
782 983 891 1041 genus,
901 963 1033 1020 homines
1047 972 1143 1020 autem

45 1061 77 1114 in
91 1079 127 1117 se
140 1061 230 1137 ipsos
242 1072 359 1138 gerant,
384 1061 526 1138 qnodque
542 1078 664 1135 prorsus
684 1058 866 1114 contrarium
883 1057 922 1114 sit
936 1067 1064 1126 naturae,
1080 1071 1144 1130 quae

46 1153 188 1212 hnmano
202 1155 305 1230 generi
315 1154 484 1214 mollissima
492 1151 609 1210 dederit
620 1150 730 1219 corda,
745 1159 774 1206 et
785 1149 888 1210 ceteris
903 1148 1092 1208 animalibus:

183 1278 293 1324 Tantum
303 1275 397 1324 animm
406 1310 414 1334 ‚
424 1273 500 1323 nobis
509 1272 622 1320 animum
632 1285 746 1333 quoqne,
758 1278 860 1316 mutnus
870 1277 952 1317 utnon

184 1362 298 1410 Amana
308 1371 393 1426 petere
404 1359 527 1409 auxilinm
534 1367 560 1404 et
570 1365 686 1421 presure
694 1352 800 1414 juberet

50 1466 281 1546 (129-¹at·)

152 1787 158 1798 ·
194 1763 434 1850 sartan
468 1761 727 1852 naama
760 1759 1012 1874 QUINTAE

502 1923 712 1978 anabasis,

94 2109 143 2164 Ex
158 2109 220 2166 boc
232 2117 406 2184 argumento
417 2107 607 2184 intelligitur,
626 2118 720 2182 poetae
735 2105 889 2164 consilium
903 2125 965 2163 non
981 2125 1017 2162 co
1031 2105 1147 2181 potissi-

57 2200 165 2256 simum
183 2211 342 2277 spectasse,
362 2210 397 2256 ut
417 2201 591 2277 religionem
609 2200 657 2255 vel
681 2199 919 2276 superstitionem
939 2201 1146 2277 AEgyptiorurn

60 2290 213 2349 derideret
226 2289 274 2368 (de
286 2311 343 2366 qna
355 2291 416 2348 vid.
424 2293 512 2349 adas.
527 2291 578 2366 a),
596 2291 646 2347 sed
657 2302 691 2346 ut
702 2291 810 2368 insigni
819 2292 986 2349 ostenderet
996 2294 1146 2366 exemplo,

58 2383 228 2443 diversitate
238 2383 482 2462 religionis‘laujus
492 2383 595 2460 populi
603 2381 780 2458 inexpiabile
792 2403 1014 2460 nonnumquam
1026 2383 1144 2452 odium,

59 2485 87 2529 ct
104 2475 271 2534 inauditam
293 2476 537 2533 inhumanitatem
555 2475 646 2552 gigni.
670 2477 707 2532 In
726 2475 787 2552 ipsa
807 2478 902 2535 Satira
921 2475 970 2552 (in
991 2477 1093 2552 primis
1116 2478 1147 2533 in

59 2581 210 2641 postrema
223 2570 285 2644 ejus
295 2582 377 2646 parte
386 2589 429 2627 vs.
443 2570 734 2646 129-174)magna
747 2581 790 2628 est
799 2571 941 2628 orationis
950 2571 994 2629 vis
1006 2591 1038 2628 ac
1050 2571 1148 2647 gravi·

60 2673 111 2732 tas,
122 2662 466 2734 reieonvenientisaima3
477 2681 541 2738 quae
552 2673 649 2718 tamen
658 2663 779 2736 passim,
788 2661 840 2718 ubi
849 2663 930 2718 locus
942 2673 999 2734 est,
1011 2663 1148 2720 admixtis

62 2755 172 2812 facetiis
188 2765 377 2830 temperatur.
389 2785 430 2798 -
445 2753 631 2811 Acbaintrius
645 2755 706 2810 haec
721 2754 797 2811 bene
812 2753 985 2811 adnotavit:
1000 2756 1148 2813 «Inferius

64 2857 162 2906 tamen
175 2849 235 2906 boc
248 2866 322 2923 opus
331 2846 435 2904 ceteris
448 2844 578 2919 ejusdem
589 2845 717 2903 auctoris
727 2845 857 2918 videtur3
870 2847 952 2921 quod
964 2865 1026 2904 non
1039 2849 1147 2904 mirum

64 2954 104 2998 est
114 2966 121 3001 ε
131 2963 202 3000 nam
212 2955 241 3000 et
249 2963 337 3000 senex
347 2942 506 3000 admodum
517 2953 596 3012 erat,
612 2953 641 2998 et
654 2959 717 2998 rem
728 2942 868 3000 Romanis
877 2942 1036 3000 inauditam
1047 2963 1147 3001 narra-

63 3035 119 3092 bat
134 3037 206 3092 Non
215 3055 247 3092 ea
259 3035 337 3092 bella
348 3034 468 3091 infanda
478 3045 616 3105 noverat,
628 3052 693 3108 quae
701 3035 787 3092 furor
798 3036 950 3112 religiosus
961 3037 1148 3112 sequentibus

66 3128 129 3184 aeais
138 3126 292 3204 produxit.
305 3127 386 3196 Quid
400 3127 424 3184 si
437 3126 598 3183 Mahnmeti
608 3127 765 3184 fanaticum
782 3128 918 3186 ardorem
928 3130 1048 3188 vidisset
1064 3150 1148 3187 eum-

66 3217 190 3296 demque
198 3239 288 3276 manu
298 3219 400 3276 dextra
410 3220 539 3295 gladium
551 3230 728 3298 gestantem,
746 3222 893 3277 Coranum
907 3223 1018 3280 altera?
1034 3222 1116 3292 Quid
1125 3222 1148 3278 si

68 3311 298 3368 Christianorum
308 3323 405 3367 sancta
414 3312 490 3367 bella
497 3313 552 3369 sub
561 3313 654 3371 crucis
663 3313 975 3389 vexillosuscepta‚lea
982 3313 1148 3368 croisades?

67 3401 143 3469 Quid
154 3403 179 3459 si
192 3401 400 3478 Albigensibus
410 3421 498 3478 rogos
507 3406 661 3462 accensos?
674 3407 797 3463 Lutheri
808 3417 837 3462 et
846 3405 959 3462 Cala-ini
973 3415 1147 3461 sectatorum

67 3494 323 3552 etCatbolicorum
339 3495 454 3551 furores
465 3497 582 3553 saeros?
599 3499 668 3554 Non
683 3497 760 3571 jaste
775 3498 871 3554 minus
884 3498 1067 3553 exclamasset

220 3610 383 3676 Adspieimns
390 3613 499 3677 populos
511 3649 518 3674 ,
528 3631 636 3679 quornm
648 3632 703 3664 non
713 3615 807 3666 sufficit
815 3616 856 3662 irae

227 3694 354 3742 Oocidisse
367 3695 524 3758 aliquem...

68 3798 124 3856 Sed
145 3818 200 3856 cur
219 3819 253 3857 ea
275 3803 526 3860 commemorem?
548 3806 614 3860 lam
634 3823 696 3861 nou
714 3803 769 3860 snb
789 3804 883 3861 crucis
899 3803 1009 3862 vexillo
1025 3806 1101 3863 bella
1119 3819 1148 3864 et

70 3903 175 3972 strages
185 3906 257 3952 sunt
269 3896 452 3954 inchoandae.
468 3897 662 3954 Humanitatis
674 3898 765 3973 ipsius
779 3908 809 3954 et
824 3897 1014 3974 philosophiae
1030 3901 1149 3959 nomine

73 3987 166 4063 (quod
176 4009 240 4048 non
254 3991 350 4048 minus
359 4009 481 4061 saevum,
495 4001 526 4048 at
536 3989 694 4048 ridiculum
707 3990 797 4069 magis
808 4003 838 4048 et
847 3994 940 4050 multo
953 3996 1049 4052 minus
1057 4015 1147 4052 excu-

75 4083 209 4159 sandaun)
222 4102 304 4140 arma
317 4094 521 4158 capesseretur,
537 4101 628 4160 regna
644 4094 674 4140 et
690 4083 812 4159 imperia
822 4098 981 4156 corruunt,
995 4087 1081 4142 urbes
1100 4085 1145 4140 dl-

75 4186 207 4247 muntnr,
216 4175 281 4252 agri
291 4186 440 4234 vastantur
450 4176 643 4250 hominesque
655 4175 847 4234 trucidantur.
866 4177 914 4236 Sic
926 4178 1151 4254 omnitempore
