2784 4917
288 402 353 477 aod
560 400 602 464 D.
630 397 771 464 suun
798 393 1083 464 IUVENALIS

286 516 382 586 Adde
398 531 432 586 et
448 513 645 602 bascaudas,
666 529 702 583 et
721 511 810 582 mille
825 514 965 596 escaria,
986 512 1130 580 multum

286 625 419 712 Caeiati,
439 628 569 696 biberat
586 650 655 719 quo
672 621 810 693 callidus
826 632 959 714 emptor
976 617 1128 714 Olynthi.

287 735 351 803 Sed
365 737 440 829 quis
455 757 547 804 nunc
560 731 659 818 alius,
677 755 744 827 qua
757 730 875 800 mundi
889 745 1001 825 parte,
1016 729 1089 823 quis
1102 725 1209 795 audet

286 846 436 938 Argenta
452 843 611 939 preferre
625 856 726 936 caput
741 841 904 935 rebusque
917 837 1080 910 salutem?

286 951 303 984 '⁶
315 956 396 1024 Non
414 967 553 1052 propter
570 957 674 1022 vitam
690 951 819 1021 sariunt
837 951 1040 1046 patrimonia
1052 946 1215 1043 quidam;
1242 989 1245 994 -

288 1061 382 1134 *Sed
395 1064 477 1133 vitio
493 1066 574 1134 caeci
589 1078 730 1159 propter
745 1063 947 1157 patrimonia
964 1063 1094 1131 vivunt.

288 1177 440 1243 Jactatur
454 1198 568 1256 rerum
584 1173 718 1243 utilium
734 1195 811 1266 pars
827 1174 987 1260 maxima3
1005 1172 1062 1242 sed
1076 1195 1137 1240 nec

290 1289 424 1355 Damna
439 1283 573 1353 levant:
590 1300 687 1371 tunc,
702 1283 847 1355 adversis
861 1283 1077 1378 urgentibus,
1093 1280 1173 1349 illuc

291 1394 442 1481 Recidit,
458 1410 497 1464 ut
512 1393 637 1463 malum
653 1391 742 1464 ferro
760 1393 989 1480 submitteret,
1007 1417 1045 1463 ac
1059 1417 1093 1462 se

291 1504 447 1599 Explicat
461 1521 658 1602 angustum,
675 1504 879 1575 discriminis
895 1502 1029 1589 ultima,
1046 1501 1185 1598 quando
1336 1514 1362 1564 53

292 1618 450 1687 Presidia
464 1616 653 1704 afferimus,
667 1639 786 1687 navem
801 1614 930 1685 factura
944 1617 1123 1684 minorem.
1150 1655 1154 1664 ·

293 1731 311 1797 1
331 1754 442 1814 nunc,
463 1745 496 1798 et
512 1729 618 1798 ventis
634 1729 779 1797 animam
799 1725 990 1812 committe,
1009 1724 1123 1795 dolato
1163 1767 1166 1772 ,

293 1839 449 1910 Confisus
465 1838 576 1936 ligno,
590 1837 703 1933 digitis
717 1863 735 1906 a
749 1850 856 1906 morte
873 1850 1020 1905 remotus

295 1951 464 2038 Quatuor,
478 1963 537 2017 aut
551 1963 693 2041 septem,
709 1947 736 2016 si
752 1946 795 2015 sit
808 1945 965 2015 latissima
977 1941 1076 2016 taeda!

295 2060 378 2125 Mox
393 2081 470 2125 cum
486 2056 646 2143 reticulis,
662 2072 696 2126 et
712 2079 816 2150 pane,
834 2070 868 2126 et
883 2070 997 2124 ventre
1011 2055 1153 2150 lagenae,
1334 2067 1373 2114 δυ’

296 2165 442 2262 Adspice
453 2166 630 2236 sumendas
644 2168 681 2236 in
699 2181 889 2262 tempestate
904 2189 1044 2256 secures.

298 2381 385 2440 rimas
394 2381 552 2443 inferendis
563 2382 685 2461 dapibus
697 2385 832 2459 idoneam
850 2386 955 2464 pocula
969 2387 1064 2445 caelata
1081 2403 1117 2442 ex
1130 2392 1257 2460 argento
1270 2395 1361 2458 perte·

297 2485 391 2546 tusto,
402 2475 508 2551 qm'bus
520 2478 669 2554 Philippus
682 2480 822 2549 Macedo,
836 2479 860 2536 is
875 2479 927 2556 qui
944 2492 1002 2539 tam
1019 2479 1120 2536 callide
1137 2477 1303 2554 Olynthum
1316 2490 1359 2528 ur·

296 2568 365 2625 bern
381 2569 467 2640 emit,
485 2570 578 2628 fuerat
594 2571 669 2628 otim
682 2590 760 2628 usus.
780 2573 820 2628 At
839 2591 916 2630 nunc
937 2571 1165 2649 quotusquisque
1179 2569 1298 2625 tandem
1314 2573 1360 2631 ast,

297 2661 350 2734 qui
363 2661 453 2719 titum
465 2682 581 2722 servare
591 2683 679 2739 quam
692 2682 776 2740 opes,
792 2666 892 2722 maliti
914 2668 1009 2737 Quem
1022 2665 1094 2724 mihi
1105 2673 1212 2741 prater
1228 2659 1360 2718 catullum

299 2749 393 2822 dabis,
408 2755 459 2827 qui
474 2773 573 2811 rernm
590 2774 707 2812 suarum
724 2755 836 2830 jactura
851 2757 971 2814 salutem
990 2775 1070 2814 snam
1086 2767 1115 2813 et
1128 2763 1215 2829 caput
1231 2751 1361 2809 redimere

293 2859 361 2931 xnon
378 2843 515 2900 dubitet?
534 2847 660 2917 Quidam
676 2867 738 2905 uon
756 2847 793 2904 ad
809 2848 967 2906 vivendum
986 2859 1093 2927 augent
1112 2844 1288 2922 patrimonia
1305 2859 1359 2907 sua,

300 2933 352 2992 sed
371 2935 410 2993 ad
429 2938 562 3013 augenda
582 2941 756 3014 patrimonia
774 2961 825 3000 sua
843 2943 965 3014 vivunt,
987 2944 1061 3001 adeo
1078 2942 1151 2998 vitio
1170 2938 1297 2996 avaritie
1314 2951 1360 2990 sus

203 3076 207 3086 .
300 3027 498 3086 obcaecantur—i
516 3031 637 3087 Interim
655 3043 723 3107 post
741 3033 882 3108 abjectam
901 3035 932 3092 in
948 3055 1027 3093 mare
1046 3034 1223 3093 sarcinarum
1241 3041 1271 3088 et
1285 3043 1359 3104 opum

300 3129 413 3195 partem
432 3121 588 3197 optimam,
608 3125 708 3182 saevire
727 3125 915 3184 nihilominus
936 3137 1088 3204 tempestas
1109 3124 1223 3202 pergit,
1244 3141 1296 3180 uec
1315 3121 1360 3175 isto

302 3213 409 3272 damno
426 3215 588 3290 periculum
605 3217 697 3274 levius
713 3215 764 3275 fit:
781 3219 871 3296 igitur
886 3220 1051 3278 eudemum
1070 3228 1193 3296 urgente
1208 3212 1361 3272 necessitate

301 3309 421 3381 recidit,
434 3320 468 3366 ut
481 3309 561 3367 ferro
577 3311 683 3366 sudum
697 3324 854 3384 resecaret,
876 3333 909 3370 ac
921 3314 961 3370 ita
977 3332 1007 3370 se
1021 3312 1054 3368 in
1067 3309 1211 3388 angustias
1227 3307 1360 3366 redactum

302 3401 440 3477 expedire
459 3412 573 3477 posset3
591 3403 672 3476 quod
693 3403 812 3479 quidem
831 3405 987 3462 maximnm
1006 3404 1162 3462 discrimen
1182 3412 1244 3472 est,
1266 3399 1288 3456 si
1310 3394 1360 3470 quit

302 3493 419 3569 cogitur
434 3492 572 3550 adhibere
588 3494 734 3568 presidia,
750 3516 814 3572 quae
832 3497 913 3554 navis
926 3495 1157 3574 magnitudinem
1172 3493 1301 3550 minuere
1317 3487 1359 3542 dt·

302 3584 398 3642 beant.
416 3587 429 3641 1
440 3604 519 3643 nnnc
524 3620 539 3654 ,-
552 3585 603 3660 qui
617 3586 706 3642 vitam
722 3590 824 3666 pelago
841 3590 994 3664 ventisque
1005 3588 1172 3665 permittas,
1184 3596 1270 3660 teque
1283 3580 1360 3638 inciu-

303 3677 355 3734 das
367 3677 449 3748 nari,
463 3679 495 3735 in
506 3698 563 3753 qua
573 3677 660 3735 distes
671 3699 686 3735 a
699 3691 794 3738 morte
808 3664 907 3758 digitis
919 3692 1060 3757 quatuor,
1072 3690 1121 3737 aut
1130 3689 1240 3752 septem
1250 3675 1286 3731 ad
1295 3689 1360 3730 snu-

304 3786 402 3839 mum,
421 3771 445 3826 si
465 3772 573 3828 fuerint
586 3771 715 3828 latissimi
732 3792 852 3844 asseres,
870 3773 976 3849 quibus
989 3773 1037 3829 illa
1052 3769 1266 3847 compingitur!
1283 3768 1362 3837 Perge

304 3878 388 3929 sane,
404 3860 539 3935 ,quisquis
558 3881 589 3918 es
612 3873 670 3920 tam
689 3863 883 3936 inconsultus,
904 3877 963 3922 tam
981 3865 1049 3920 vitae
1069 3875 1124 3920 tuae
1144 3859 1295 3938 prodigum
1316 3852 1357 3910 sed

303 3951 482 4024 memineris,
501 3955 618 4028 quando
635 3975 737 4030 panem
754 3967 783 4015 et
800 3957 902 4014 vinum
915 3955 1020 4014 inferes
1032 3957 1062 4012 in
1077 3966 1185 4025 ratem,
1201 3952 1302 4029 pariter
1316 3963 1356 4002 su-

303 4064 384 4104 mere
402 4062 532 4117 secures,
548 4046 654 4122 quibus
672 4048 826 4126 ingruente
844 4061 1011 4128 tempestate
1029 4047 1119 4107 utaris
1139 4047 1184 4116 ad,
1194 4045 1294 4106 malum
1309 4035 1356 4095 dit-
1372 4079 1373 4086 κ

304 4147 499 4230 [tingendum.
509 4203 513 4210 .
