2784 4917
262 403 322 483 154
553 406 594 470 D.
617 402 748 468 JUNII
771 401 1043 467 JUVENALIS

257 521 373 614 Turpe
388 535 423 589 et
436 519 637 590 adulterium
652 516 880 587 mediocribus
897 542 904 583 :
923 516 996 586 baee
1012 514 1130 584 eadem
1146 512 1192 583 illi
1278 527 1322 594 ¹7⁵

257 631 384 698 Omnia
398 656 504 724 quum
521 629 660 715 faciant,
677 626 801 698 hilares
815 626 984 720 nitidique
999 641 1174 696 vocantur.

258 744 384 812 Nostra
402 742 531 812 dabunt
546 740 628 810 alios
644 739 747 810 hodie
765 739 924 808 convivia
939 738 1057 808 ludos:

258 854 426 923 Conditor
441 852 566 922 Iliados
583 851 786 933 cantabitur,
801 865 902 942 atque
918 850 1071 919 Maronis

258 965 404 1034 Altisoni
423 965 559 1033 dubiam
576 961 736 1032 facientia
751 961 903 1032 carmina
918 960 1076 1054 palmam.

260 1076 352 1165 Quid
370 1074 491 1161 refert,
511 1074 591 1145 tales
605 1099 723 1142 versus
737 1097 805 1166 qua
820 1096 904 1141 voce
918 1069 1094 1165 legantur?
1284 1085 1328 1138 rto

309 1183 374 1254 Sed
391 1209 482 1252 nunc
496 1183 607 1254 dilatis
623 1199 737 1254 averte
753 1184 892 1278 negotia
908 1183 1013 1267 curis,

262 1300 306 1364 Et
321 1310 449 1389 gratam
466 1296 619 1389 requiem
633 1294 724 1364 dona
737 1293 815 1379 tibi,
829 1291 966 1386 quando
980 1292 1097 1362 licebit

263 1407 327 1473 Per
342 1421 447 1501 totam
466 1429 596 1474 cessare
610 1405 697 1474 diem
712 1429 721 1474 t
741 1428 812 1473 non
825 1403 951 1473 fencris
965 1402 1033 1472 ulla

261 1515 415 1602 Montio,
433 1540 511 1601 nec,
527 1515 637 1609 prima
652 1516 679 1584 si
696 1514 771 1584 luce
784 1538 936 1608 egressa,
954 1513 1081 1582 reverti

262 1625 374 1693 Nocte
388 1623 607 1712 solet‚tacito
621 1623 725 1694 bilem
739 1626 801 1693 tibi
815 1625 994 1694 contrabat
1008 1647 1106 1709 uxor,
1286 1637 1330 1689 185

262 1733 413 1804 Humida
426 1735 589 1830 suspectis
604 1734 752 1804 referens
765 1734 918 1807 multicia
934 1734 1042 1827 rugis,

261 1847 473 1939 Vexatasque
490 1870 618 1932 comas,
635 1861 671 1915 et
682 1845 817 1915 vultum
831 1869 1017 1938 auremque
1033 1841 1214 1914 calentem.

264 1959 435 2026 Protenus‘
447 1971 524 2024 aute
542 1981 670 2040 meum,
686 1955 854 2052 quidquid
870 1955 978 2037 dolet,
997 1980 1081 2024 exue
1098 1954 1221 2041 limeu;

262 2070 358 2136 Pone
371 2067 528 2152 domum,
546 2082 580 2136 et
593 2091 725 2154 servos,
741 2081 775 2136 et
789 2066 955 2162 quidquid
970 2066 1141 2161 frangitur
1154 2065 1234 2151 illis,

261 2181 330 2247 Aut
346 2178 456 2274 perit:
480 2177 630 2271 ingratos
645 2177 725 2247 ante
740 2179 858 2248 omnia
871 2203 961 2273 pone
976 2175 1116 2246 sodales.
1286 2200 1330 2248 1⁹⁰
1364 2168 1365 2195 ¹

263 2389 377 2446 liceant.
387 2388 495 2465 Turpis
507 2399 550 2446 est
558 2389 634 2457 elea,
646 2401 733 2463 turpe
741 2388 920 2446 adulterium
931 2387 1045 2446 bomini
1054 2387 1212 2446 mediocris
1222 2387 1334 2444 fortune

265 2494 294 2540 et
310 2482 487 2540 conditionis
500 2504 507 2538 :
520 2483 546 2538 si
559 2481 640 2539 dives
655 2483 757 2538 endem
775 2483 908 2539 admittat
926 2481 1051 2559 flagitia,
1074 2483 1166 2538 borno
1181 2482 1272 2538 lautus
1282 2481 1332 2536 ele-

264 2595 393 2652 gensque
408 2575 582 2632 censebitur.
592 2577 693 2652 louge
706 2575 779 2632 alios
792 2574 846 2631 tibi
859 2576 945 2632 ludos
960 2573 1129 2631 convivium
1143 2585 1273 2630 nostrum
1286 2573 1333 2628 bo·

262 2670 311 2726 die
333 2670 500 2739 exhibebit;
518 2669 586 2726 alias
607 2669 750 2745 prebebit
767 2670 985 2728 oblectationes.
1008 2667 1130 2725 Homeri
1152 2687 1252 2724 versus
1268 2666 1333 2722 reci·

264 2773 392 2830 nentur,
416 2772 445 2818 et
465 2762 602 2836 preclara
622 2762 739 2838 Virgilii
761 2763 904 2834 carmina,
924 2781 989 2836 quae
1008 2761 1116 2818 merito
1134 2761 1332 2818 dubitationem

263 2854 407 2922 aller-imt,
422 2853 482 2910 utri
495 2855 590 2927 palma
605 2875 726 2930 poeseos
739 2857 895 2914 tribuenda
905 2856 951 2913 sit
969 2855 1050 2926 Quid
1063 2855 1202 2920 interest,
1216 2873 1333 2930 qucum

266 2967 325 3003 vox
338 2947 512 3004 adhibentur
527 2947 589 3005 istis
603 2950 736 3006 versibus
753 2949 925 3022 recitandis,
941 2950 992 3025 qui
1004 2967 1060 3025 per
1075 2968 1106 3005 se
1125 2947 1261 3004 videlicet
1270 2949 1334 3006 adeo

267 3041 367 3097 canori
381 3051 607 3115 praestantesque
623 3043 715 3098 sunt?

310 3133 376 3189 181.
398 3136 461 3208 Age
473 3132 573 3208 igitur,
586 3134 704 3209 negotia
715 3147 746 3191 et
756 3154 839 3191 curas
851 3134 883 3190 iu
894 3134 975 3190 aliud
989 3147 1102 3209 tempus
1113 3134 1218 3203 differ,
1229 3147 1257 3192 et
1268 3155 1333 3192 uon-

265 3227 339 3284 nihil
351 3237 438 3302 gratas
449 3226 555 3301 quietis
565 3226 685 3302 indulge
697 3228 766 3292 tibi,
776 3227 800 3282 si
810 3226 930 3301 quidem
939 3246 956 3281 a
965 3227 1091 3304 negotiis
1101 3246 1204 3284 vacare
1212 3239 1240 3284 et
1249 3226 1334 3285 feriari

264 3339 320 3398 per
335 3331 425 3376 totam
434 3319 518 3376 istum
528 3319 605 3376 diem
616 3320 657 3376 ins
666 3320 723 3376 erit
735 3342 742 3375 ε
757 3337 875 3376 omnem
886 3319 923 3375 de
932 3339 1089 3377 usurarum
1102 3321 1187 3376 lucro
1198 3322 1334 3398 cogitatis

266 3433 335 3470 nem
349 3433 382 3470 ac
394 3431 558 3470 sermonem
575 3412 672 3469 valere
683 3412 773 3486 jube,
790 3430 845 3469 nec
857 3414 1039 3469 stomachum
1053 3413 1108 3469 tihi
1124 3413 1220 3470 silenti
1233 3424 1335 3472 moreat

267 3495 345 3562 uror
356 3518 419 3576 tua,
439 3505 463 3562 si
475 3505 572 3580 primo
583 3523 696 3580 egressa
712 3523 796 3563 mane
813 3503 934 3562 domum
945 3505 1038 3562 serius
1048 3505 1146 3562 redire
1156 3508 1245 3579 solet3
1263 3510 1286 3566 si
1299 3528 1335 3565 re·

266 3598 341 3654 ferat
360 3609 470 3655 vestem
492 3598 699 3675 bombycinum
719 3617 784 3672 quae
805 3597 887 3673 rugis
905 3598 1040 3672 pluribus
1059 3610 1165 3655 vexata
1183 3612 1212 3656 et
1230 3601 1335 3659 humida

267 3690 460 3764 suspicionem
475 3691 611 3750 adulterii
621 3691 742 3766 prodat3
753 3691 778 3748 si
790 3691 910 3766 capillos
921 3693 1055 3749 turbatos
1065 3712 1132 3750 cum
1143 3695 1227 3751 vultu
1238 3695 1332 3762 calido,

269 3803 335 3841 eum
349 3785 468 3841 auribus
483 3785 657 3842 rubentibus
673 3785 712 3842 ed
725 3797 753 3842 te
768 3796 908 3860 reportet.
924 3787 1006 3856 Quid
1018 3787 1132 3842 multa?
1146 3787 1286 3862 quidquid
1297 3787 1335 3844 al-

268 3877 346 3934 lerre
364 3877 417 3933 tibi
431 3897 588 3935 moerorem
602 3889 713 3954 potest,
724 3880 756 3936 iu
767 3880 866 3937 limine
881 3899 1012 3938 mearum
1025 3880 1131 3937 edium
1143 3880 1270 3957 depone3
1282 3902 1334 3939 orn

268 3989 336 4028 nem
359 3970 396 4026 de
416 3970 503 4026 rebus
523 3971 706 4041 domesticis3
729 3973 767 4030 de
789 3974 918 4043 famulis,
940 3993 1130 4049 quecumque
1150 3975 1279 4053 frangere
1295 3974 1333 4031 rel

269 4063 437 4140 disperdere
453 4063 577 4134 soleaut;
599 4066 761 4138 praesertim
778 4085 849 4125 vero
869 4067 906 4125 de
924 4068 1087 4126 amicornm
1105 4067 1222 4145 ingrato
1236 4069 1334 4135 animo,

269 4156 495 4216 sollicitudinem
505 4175 538 4214 ac
548 4156 683 4214 dolorem
698 4157 803 4233 abjice.
