2784 4917
412 372 592 439 sn'rtttn
615 372 821 443 DECIMA.
995 378 999 385 ’
1104 386 1147 451 63

88 487 123 553 In
137 484 244 555 vetula
257 484 378 583 scalpit
388 486 458 580 jam
475 502 583 557 mater
599 488 697 557 simia
709 490 826 561 bucca.
1097 514 1146 582 195

88 594 223 666 Plurima
237 614 317 668 sunt
328 600 496 692 juvenum
510 598 725 669 discrimine:
740 601 918 697 pulchrior
931 604 985 675 ille

87 710 166 795 Hoc,
180 725 278 805 atque
290 708 346 780 ille
358 708 442 805 eli03
457 709 602 779 multum
615 709 672 781 hic
686 712 941 787 robustiorillo.

86 818 154 887 Una
166 844 282 889 senum
295 818 415 908 facies3
432 845 510 889 curn
525 844 610 889 voce
624 822 803 890 trementia
817 824 985 911 membra,

86 930 123 997 Et
128 928 192 1020 jam
203 927 274 999 leve
285 946 405 1025 caput,
418 928 613 1024 madidique
628 929 772 999 infantia
782 934 854 1003 nasi
868 960 877 1003 τ

86 1040 286 1135 Frangendus
299 1041 424 1111 misero
441 1040 577 1135 gingiva
592 1040 690 1135 panis
707 1040 851 1111 inermi:

87 1146 187 1244 Usque
199 1149 283 1219 adeo
297 1150 408 1245 gravis
420 1150 538 1236 uxori,
552 1150 724 1244 natisque,
736 1150 879 1245 sibique,

86 1255 127 1325 Ut
137 1260 294 1354 captatori
307 1274 441 1330 moveat
450 1246 582 1331 fastidia
595 1256 716 1331 Cosso!

85 1370 154 1437 Non
167 1370 281 1439 eadem
300 1370 374 1441 vini
389 1385 490 1466 atque
506 1371 589 1449 cibi,
605 1386 764 1466 torpente
777 1371 904 1466 palato,

85 1478 226 1547 Gaudia:
242 1504 323 1549 narn
339 1481 447 1549 coitus
458 1481 528 1573 jam
543 1479 644 1576 longe
662 1481 812 1569 oblivi03
830 1480 883 1550 vel
895 1484 923 1550 si

85 1590 229 1675 Generis,
241 1590 334 1683 jacet
348 1590 488 1685 exiguus
503 1616 581 1661 curn
598 1592 724 1661 ramice
738 1615 882 1673 nervus,
1093 1612 1144 1663 205

84 1700 136 1782 Et,
153 1702 300 1794 quamvis
316 1716 388 1769 tota
403 1700 561 1797 palpetur
574 1716 691 1785 nocte,
709 1702 846 1794 jacebit.

20 1882 23 1909 ι
84 1808 170 1877 Anne
185 1808 312 1905 aliquid
326 1836 457 1905 sperare
472 1824 585 1906 potest
599 1811 672 1881 haec
689 1810 838 1905 inguinis
851 1811 932 1905 aegri

83 1918 229 1989 Canities!
246 1920 946 2017 quid,quodrnerit0suspectnlibidoest,
1114 2002 1119 2011 ι

82 2026 158 2115 Qun
172 2030 336 2099 Venerem
350 2030 489 2101 affectat
501 2031 573 2100 sinc
587 2030 739 2103 viribus?
755 2032 903 2128 Adspice
918 2033 1022 2127 partis

82 2139 173 2207 Nunc
186 2138 345 2210 damnum
362 2138 499 2211 alterius
515 2167 523 2209 :
542 2166 621 2211 narn
636 2166 711 2237 quae
727 2158 885 2213 cantante
900 2140 1074 2238 voluptas,
1090 2142 1141 2211 sio

80 2246 123 2316 Sit
137 2247 209 2317 licet
223 2248 363 2319 eximius
378 2248 601 2334 citharoedus,
617 2250 704 2321 sitve
720 2250 895 2339 Seleucus,

79 2451 188 2511 candida
201 2466 280 2527 cnte3
294 2472 380 2531 genas
395 2454 549 2530 pendulus,
572 2467 602 2513 et
621 2457 743 2513 sulcatus
758 2457 853 2531 rugis,
874 2456 973 2532 qunles
989 2457 1020 2513 in
1033 2469 1145 2515 vetuste

79 2541 157 2600 bucca
168 2547 267 2621 sculpit
276 2546 374 2603 senior
384 2547 478 2618 simin,
491 2546 667 2623 jampridem
678 2560 781 2618 muter,
793 2548 925 2603 sublatis
940 2546 1144 2623 umbrosisque

78 2635 198 2695 Tubucae
212 2639 341 2697 saltibus.
352 2641 478 2697 iuvenes
489 2640 538 2695 ulii
553 2640 608 2695 eliu
622 2640 694 2696 dote
706 2640 785 2695 iuter
795 2658 825 2695 sc
839 2650 907 2695 sunt
919 2638 1087 2711 dissimilcs3
1096 2641 1144 2699 bic

78 2725 123 2783 illo
130 2728 296 2801 fornacium
307 2730 356 2788 ille
366 2731 424 2787 alio
433 2729 540 2787 sortior
549 2741 577 2787 et
585 2728 731 2787 valentior
740 2740 783 2787 est
794 2748 913 2786 :senum
922 2730 1053 2787 omniurn
1064 2731 1143 2789 idem

78 2828 115 2871 eet
128 2821 234 2893 vultus,
247 2822 349 2878 endem
364 2820 549 2893 difformitas,
562 2820 663 2879 eadem
683 2820 773 2877 totius
786 2821 919 2896 corporis
937 2821 1142 2893 incommode:

79 2927 126 2967 vox
137 2932 198 2969 cnm
211 2912 301 2971 labris
312 2913 425 2984 tremit3
440 2924 526 2989 ceput
536 2912 603 2989 pilis
614 2924 749 2985 exutum,
758 2931 861 2986 nasus,
872 2932 957 2971 more
969 2913 1141 2982 infantium,

78 3001 108 3056 ab
119 3003 236 3063 humore
248 3015 393 3080 perpetuo
407 3003 552 3063 defluente
569 3005 704 3075 mudens;
719 3005 959 3063 comminuendus
977 3006 1009 3061 in
1023 3009 1144 3081 parvula

78 3091 152 3151 irustu
167 3096 264 3171 penis,
280 3114 367 3171 quem
381 3096 442 3172 ipse
454 3099 557 3173 nequit
565 3098 700 3173 frangere
710 3097 751 3153 ob
764 3096 895 3173 gingivas
906 3096 1044 3153 dentibus
1056 3098 1144 3153 desti-

79 3196 156 3248 tutas:
168 3193 308 3249 molestus
324 3192 458 3271 conjugi,
470 3194 588 3265 liberis,
600 3193 670 3264 sibi,
689 3192 764 3249 adeo
774 3202 809 3248 ut
823 3192 880 3267 ipsi
894 3192 1000 3262 Cosso,
1017 3192 1069 3268 qui
1082 3192 1143 3265 ejus

77 3278 250 3343 hereditatem
261 3294 369 3361 captat,
379 3304 513 3343 nauseam
523 3285 699 3359 taediumque
710 3283 813 3358 pariat.
824 3285 892 3340 Nou
902 3283 1034 3339 eumdem
1044 3302 1060 3339 e
1072 3284 1142 3338 vino

76 3372 240 3453 dapibusque
250 3378 445 3453 voluptutem,
453 3380 534 3437 senio
544 3376 680 3435 videlicet
688 3376 819 3450 palatum
828 3374 993 3443 hebetante,
1002 3373 1141 3448 percipit:

76 3487 129 3528 ntur
145 3473 238 3529 coitus
251 3473 432 3547 voluptutem
448 3472 621 3548 jamdudum
637 3469 747 3526 oblitus
760 3479 823 3526 est:
839 3466 952 3523 etiarnsi
972 3467 1086 3522 coneris
1105 3466 1143 3522 ad

75 3560 139 3619 itan
156 3584 296 3623 revocure
316 3564 452 3641 exiguum
466 3566 556 3641 ipsius
569 3564 756 3638 debilemque
774 3580 916 3630 nervum,
931 3559 1008 3633 jacet
1020 3580 1086 3617 cum
1099 3581 1145 3619 rn-

74 3657 136 3714 nice
146 3670 175 3715 et
186 3678 303 3735 semper
312 3652 435 3731 jacebit,
450 3657 583 3735 quumvis
597 3676 650 3733 per
664 3665 759 3712 toturn
771 3662 890 3709 noctem
904 3651 1049 3727 palpando
1063 3654 1143 3711 solli-

73 3745 172 3805 citetur.
195 3754 245 3807 An
263 3770 379 3827 sperare
398 3750 511 3825 aliquid
530 3760 627 3824 potest
651 3765 741 3805 eunus
761 3744 812 3800 ille
828 3763 914 3801 senex
935 3763 1001 3803 cum
1023 3745 1143 3824 inguine

73 3843 195 3901 mortuo?
211 3854 350 3918 preterea
367 3844 417 3920 qui
435 3842 497 3899 sine
512 3840 625 3897 viribus
641 3856 779 3897 venerem
794 3835 979 3893 libidinosam
997 3850 1140 3909 sectatur,

73 3931 164 3989 nerito
173 3944 320 4011 suspectus
333 3946 385 3993 est.
397 3936 483 3992 Nunc
490 3933 634 4007 jacturam
645 3930 764 3987 ulterius
774 3947 883 3999 sensus,
894 3927 1003 3986 scilicet
1013 3930 1139 3999 auditus,

73 4022 174 4097 ubpice
183 4048 191 4083 ε
200 4044 268 4084 unm
279 4048 343 4104 qun
351 4028 485 4103 voluptas
496 4024 587 4083 surdo
598 4023 711 4101 percipi
721 4032 818 4099 potest
829 4021 1007 4079 excuntibus
1018 4022 1140 4093 eximiis,

77 4110 133 4171 licet
145 4120 274 4197 egregius
285 4120 476 4194 dtburoedus,
487 4119 534 4176 rel
547 4116 608 4193 ipse
622 4128 706 4177 canat
717 4117 866 4186 Seleucus,
881 4115 928 4173 ecl
939 4113 982 4170 illi
994 4114 1137 4187 tibicines,
