2784 4917
290 424 351 491 150
559 424 600 487 D.
623 420 762 486 JUNll
784 420 1069 488 IUVENALIS

286 536 462 606 Ponebant
479 536 583 631 igitur
595 538 708 605 Tusco
727 535 853 605 farrata
868 537 981 605 catino
1057 542 1070 547 “

285 648 409 716 Omnia
424 662 521 729 tunc,
538 648 661 743 quibus
676 646 842 730 invideas,
862 648 889 716 si
904 645 1064 716 lividulus
1079 647 1134 715 sis.
1299 678 1340 713 n·

335 756 553 851 Templorum
567 782 703 851 quoque
717 758 873 849 majestas
888 756 1096 851 presentior,
1112 770 1148 825 et
1162 781 1227 824 vox

287 870 399 937 Nocte
413 868 485 938 sere
499 869 610 937 media
624 867 839 961 mediamque
852 867 966 937 audita
982 893 1044 962 per
1057 866 1204 954 Urbem,

288 978 405 1047 Litore
419 977 461 1046 ab
475 980 603 1047 Oceani
618 976 726 1046 Gallis
741 978 971 1063 venientibus,
989 994 1024 1047 et
1037 978 1098 1047 Dis

288 1087 451 1157 Officium
472 1090 554 1157 vatis
574 1088 827 1183 peragentibus,
845 1088 897 1157 lris
909 1090 1044 1157 monuit
1058 1112 1131 1189 nos.

167 1203 172 1231 ‘
288 1200 387 1265 Hanc
404 1197 503 1267 rebus
522 1200 627 1269 Latiis
642 1222 758 1267 curam
776 1211 936 1292 praestare
954 1198 1083 1267 solebat
1307 1211 1346 1263 115

289 1305 417 1377 Fictilis
432 1322 466 1377 et
481 1306 574 1377 nullo
589 1306 731 1377 violatus
744 1310 881 1401 Jupiter
895 1332 991 1377 auro.

290 1415 353 1485 Illa
369 1417 460 1487 domi
479 1433 572 1487 natas
587 1434 769 1511 nostraque
785 1444 826 1487 ex
840 1418 961 1488 arbore
977 1442 1111 1486 mensas
1130 1480 1135 1487 .

290 1529 459 1621 Tempora
473 1527 649 1615 viderunt;
663 1529 727 1598 bos
743 1528 872 1621 liguum
889 1528 998 1597 stabat
1012 1530 1048 1595 in
1065 1552 1161 1611 usus,

292 1638 464 1706 Annosam
478 1639 504 1707 si
520 1636 608 1705 sorte
625 1662 747 1707 nucem
763 1637 934 1730 dejecerat
949 1642 1072 1706 Eurus.

291 1750 338 1817 At
353 1774 446 1818 nuuc
459 1748 619 1818 divitibus
638 1748 795 1817 coenandi
813 1747 906 1817 nulla
921 1746 1093 1842 voluptas,
1313 1776 1352 1811 no

291 1856 350 1927 Nil
365 1859 545 1945 rhombus,
562 1858 610 1928 nil
627 1858 726 1927 dama
741 1859 845 1953 sapit,·
860 1874 980 1953 putere
995 1857 1152 1927 videntur

293 1968 479 2063 Unguenta
494 1982 595 2061 atquc
613 1990 715 2051 rosae,
736 1966 819 2035 latos
834 1967 898 2034 nisi
916 1968 1056 2036 sustinet
1071 1966 1171 2037 orbes

294 2076 434 2145 Grande
452 2076 549 2162 ebur,
567 2090 602 2144 et
620 2097 745 2169 magno
763 2073 917 2145 sublimis
932 2075 1058 2170 pardus
1070 2070 1187 2161 biatu,

294 2187 462 2257 Dentibus
481 2210 522 2254 ex
540 2184 625 2273 illis,
643 2211 729 2281 quos
745 2184 850 2254 mittit
867 2201 966 2280 porta
981 2188 1125 2280 Syenes,

294 2300 340 2366 Et
355 2297 468 2365 Mauri
484 2294 627 2382 celeres,
647 2311 681 2366 et
695 2298 820 2366 Mauro
834 2296 1011 2365 obscurior
1025 2296 1151 2383 Indus,
1318 2311 1355 2361 nt

295 2496 424 2557 inrideat
433 2494 610 2573 quicumque
623 2494 720 2571 aliqua
733 2495 813 2572 tangi
825 2504 923 2570 potest
933 2495 1178 2566 iuridia,mensae
1192 2494 1356 2571 apponebant

296 2594 427 2651 conlecta
439 2610 455 2649 e
466 2590 589 2665 simplici
601 2590 678 2646 farre
690 2589 795 2645 cibaria
808 2592 905 2645 omnia
920 2589 951 2645 iu
960 2589 1035 2647 vasis
1046 2590 1157 2647 Tusciae
1168 2589 1311 2648 fictilibus

341 2702 406 2741 ιιι.
428 2687 463 2740 ln
485 2702 587 2739 eorum
605 2682 691 2738 etiam
711 2682 826 2757 templis
842 2682 1018 2757 majestatem
1042 2702 1122 2740 suam
1144 2694 1174 2739 et
1197 2682 1358 2759 presentiam

298 2776 403 2850 Superi
412 2776 575 2832 evidentius
584 2774 784 2846 declarabaut;
796 2775 879 2850 quod
888 2776 1013 2831 maxime
1023 2774 1205 2831 intellectum
1215 2788 1274 2844 est,
1286 2792 1359 2849 quum

298 2869 374 2926 Galli
395 2868 431 2925 ab
453 2867 576 2925 occiduo
596 2868 695 2924 littore
717 2868 817 2924 oceani
832 2868 1004 2942 irruperunt
1017 2868 1048 2924 iu
1065 2869 1195 2938 ltaliam,
1216 2880 1283 2925 tuuc
1297 2868 1359 2923 enim

298 2962 402 3019 auditae
413 2980 499 3019 voces
513 2960 632 3018 bierunt
647 2972 734 3018 nocte
749 2962 933 3037 intempesta,
949 2962 1042 3017 media
1055 2961 1086 3016 iu
1100 2962 1176 3017 urbe
1190 2964 1297 3031 Roma,
1311 2958 1362 3033 qui·

297 3058 353 3115 bus
364 3056 520 3112 adventare
534 3054 609 3110 Galli
626 3046 847 3124 nuntiabantur,
865 3056 984 3128 Superis
997 3054 1066 3128 ipsis
1078 3066 1176 3112 ratum
1193 3076 1261 3133 erga
1275 3058 1361 3111 Roma-

300 3169 354 3209 nos
369 3166 490 3206 munere
505 3146 703 3224 iungentibus.
719 3148 767 3205 Sic
782 3167 837 3204 nos
852 3149 889 3205 de
904 3148 1068 3205 imminenti
1082 3148 1172 3206 exitio
1189 3148 1363 3213 admonebat,

299 3246 340 3303 sic
359 3246 519 3301 Romanam
535 3260 596 3297 rem
614 3241 734 3297 curabat
748 3242 878 3316 Jupiter,
894 3261 983 3317 quum
998 3242 1060 3316 ejus
1074 3253 1175 3297 statuae
1190 3243 1324 3298 duntaxat
1335 3258 1362 3294 er

299 3338 399 3415 argilla
417 3336 554 3394 coniectae
569 3346 679 3403 essent,
700 3335 824 3392 necdum
841 3354 915 3391 auro
932 3332 1080 3406 conflata,
1103 3336 1150 3390 rel
1168 3336 1268 3409 potius
1283 3331 1364 3407 inqui·

300 3446 380 3491 natae.
400 3430 458 3487 lllis
471 3428 651 3504 temporibus
663 3448 768 3485 mensa
778 3428 887 3486 fiebant
895 3448 930 3485 ex
942 3428 1098 3485 arboribus
1110 3428 1141 3483 iu
1152 3429 1235 3485 ltalia
1249 3430 1331 3495 uatis,
1341 3435 1365 3479 et

301 3525 380 3603 quasi
406 3521 579 3580 domesticis.
603 3521 633 3579 si
656 3522 733 3578 forte
758 3523 883 3579 vetulam
907 3540 1010 3577 nucem
1032 3531 1135 3577 ventus
1157 3521 1365 3596 prostravisset,

301 3619 362 3693 ejus
372 3630 506 3674 truncum
515 3616 551 3672 ad
560 3634 687 3673 mensam
700 3615 894 3671 fabricandam
907 3614 1103 3671 reservabant.
1120 3619 1158 3672 At
1169 3634 1250 3671 nunc
1259 3609 1366 3671 Romani

300 3714 460 3787 locupletes
474 3712 571 3767 cibum
585 3728 687 3785 capere
703 3728 768 3766 cum
784 3710 933 3783 volupmte
948 3726 1010 3763 non
1025 3720 1158 3782 possunt,
1176 3708 1286 3765 nullius
1295 3722 1366 3779 sape

302 3802 343 3863 ris
363 3822 422 3859 esse
441 3804 580 3860 rhombos
600 3824 632 3860 ac
653 3804 767 3874 damas,
789 3803 890 3859 odoris
910 3804 1018 3859 nullius
1035 3813 1183 3878 unguenta
1200 3800 1365 3863 suavissima,

301 3898 433 3975 ipsasque
450 3914 529 3953 rosas
542 3906 661 3971 putant,
675 3896 730 3954 nisi
742 3916 854 3953 mensas
868 3896 1000 3973 ingentes
1012 3897 1133 3952 fulciant
1145 3896 1235 3971 pedes
1245 3889 1366 3957 eburnei,

301 3988 459 4071 perdurum
470 3988 611 4045 hiantium
624 3990 744 4065 liguram
758 3991 787 4047 in
798 4010 908 4048 summa
921 4002 1005 4065 parte
1015 3988 1188 4056 referentes,
1198 4001 1229 4044 et
1243 4007 1278 4045 ex
1292 3987 1368 4042 ebore

299 4078 505 4143 candidissimo
527 4080 672 4152 lubricati,
696 4086 781 4159 qrrale
804 4084 976 4161 deportatur
996 4103 1031 4140 ex
1057 4082 1251 4158 Elephantide
1274 4080 1368 4145 insula,

300 4192 395 4259 prope
413 4176 529 4253 Syenen
543 4173 643 4249 ritmo
662 4178 843 4237 Mauritaniae
862 4178 1005 4238 celeribus
1023 4177 1143 4250 incolis,
1162 4196 1199 4234 ex
1220 4177 1283 4253 ipsa
1298 4172 1368 4233 ludia
