2784 4917
301 387 483 455 stultia
505 385 818 457 DUODEGIMA.
1034 421 1117 502 ²⁰7,

33 509 68 576 tt
79 504 290 576 claudentem
304 503 421 575 oculos
437 502 595 601 gallinam
612 503 784 598 impendat
797 508 907 580 amico

32 619 104 685 'lam
119 615 248 687 sterili:
263 641 383 686 verum
398 615 472 686 haec
485 615 590 684 nimia
603 628 654 684 est
667 616 839 710 impensa3
856 623 1012 694 coturnix

34 725 123 796 Nulla
139 750 295 821 uuquam
314 751 378 820 pro
397 741 493 822 patre
509 724 614 794 cadet.
629 725 762 794 sentire
778 724 923 800 calorem

33 838 61 904 st
74 838 175 931 coepit
192 833 345 932 locuples
363 833 487 905 Gallita
502 850 537 904 et
554 835 694 904 Paccius
713 835 806 924 orbi,

34 949 190 1043 legitime
205 947 280 1016 fixis
297 947 439 1016 vestitur
451 960 523 1015 tota
537 943 667 1014 tabellis
1055 989 1104 1026 roo

36 1059 202 1128 Porticus:
221 1059 401 1141 exsistunt,
420 1057 478 1150 qui
495 1056 697 1152 promittant
713 1055 956 1149 hecatomben,

39 1167 201 1255 Quatenus
213 1170 271 1239 hic
289 1192 360 1237 non
378 1183 458 1238 sunt
474 1191 536 1236 nec
552 1164 683 1238 venales
700 1166 890 1264 elephanti,

38 1277 100 1346 Nec
116 1279 234 1364 Latio,
257 1293 317 1348 aut
331 1302 473 1374 usquam
487 1292 605 1348 nostro
621 1276 805 1350 subsidere
823 1279 897 1352 talis

41 1386 129 1456 Belua
140 1389 352 1484 concipitur3
365 1387 422 1458 sed
435 1387 534 1457 furva
547 1402 648 1484 geute
660 1389 783 1482 petita:

42 1499 213 1569 Arboribus
226 1497 362 1569 Rutulis
374 1513 409 1568 et
422 1500 531 1568 Turni
544 1499 694 1593 pascitur
705 1523 805 1594 agro,

43 1611 164 1681 Cesaris
180 1626 390 1697 armentum,
409 1608 493 1679 nulli
514 1610 640 1680 servire
657 1625 813 1706 paratum

45 1717 178 1808 Privato;
196 1721 359 1816 siquidem
377 1721 482 1815 Tyrio
501 1744 621 1814 parere
639 1717 792 1793 solebant

48 1829 226 1916 Hannibali,
243 1846 277 1901 et
289 1831 413 1900 nostris
424 1830 584 1921 ducibus,
601 1833 739 1928 regique
749 1829 899 1901 Molosso

51 1941 162 2010 llomm
179 1942 346 2036 majores,
361 1967 401 2012 ac
414 1942 520 2012 dorso
534 1941 623 2012 ferre
635 1942 812 2030 cohortes,

50 2049 165 2120 Partem
178 2053 324 2148 aliquam
339 2051 436 2138 belli,
453 2068 487 2122 et
500 2067 635 2122 euntem
649 2054 685 2121 in
698 2052 813 2148 praelia
825 2053 958 2126 turrim.
1035 2096 1041 2112 ι
1060 2090 1109 2127 ιιο

50 2160 137 2230 Nulla
149 2165 252 2258 igitur
269 2188 365 2232 mora
380 2187 443 2257 per
458 2165 625 2248 Novium,
641 2187 737 2232 mora
751 2161 844 2232 nulla
856 2189 917 2260 per
931 2165 1086 2237 Histrum

51 2272 235 2361 Pacuvium,
249 2276 333 2370 quin
346 2271 431 2342 illud
444 2273 529 2342 ebur
543 2273 687 2342 dueatur
701 2273 743 2342 ad
756 2294 846 2362 aras,

55 2487 109 2562 qui,
122 2499 154 2546 ut
164 2487 345 2567 gratificetur
353 2487 497 2562 ejusmodi
506 2487 609 2560 amico,
621 2506 709 2563 aquo
720 2487 793 2544 nihil
804 2488 995 2563 sperandum,
1009 2499 1116 2564 utpote

55 2581 96 2654 qui
103 2583 135 2638 sit
142 2595 236 2660 pater,
242 2582 353 2658 quique
362 2583 471 2639 liberos
481 2582 602 2652 babeat,
613 2582 766 2638 immolare
775 2581 910 2658 gallinam
920 2581 992 2639 ve'lit
1002 2584 1113 2641 morbi-

56 2671 110 2728 dam
122 2686 149 2730 et
159 2673 381 2746 moribundam,
395 2674 487 2730 immo
499 2671 641 2748 (namque
656 2673 717 2729 brec
733 2672 795 2747 ipsa
809 2672 917 2730 scilicet
932 2672 1044 2750 gallinae
1057 2676 1113 2732 im·

56 2783 127 2838 peusa
135 2767 221 2824 uiauia
233 2768 289 2844 eat)
300 2767 501 2826 coturnicem?
511 2771 642 2833 Murro,
653 2765 807 2838 sicanio,
819 2764 843 2822 si
853 2767 977 2841 Paccius,
989 2771 1040 2844 qui
1049 2769 1113 2846 opi·

56 2856 258 2931 busabuudaot,
268 2860 320 2935 qui
329 2859 428 2916 liberis
436 2868 544 2929 carent,
555 2858 702 2915 febricula·
711 2869 783 2916 aestu
792 2869 949 2931 tentantur,
961 2861 1113 2920 confestim

56 2950 138 3009 rideas
147 2953 247 3028 templi
256 2953 403 3028 porticum
412 2964 503 3010 totam
515 2953 651 3010 relectam
664 2951 784 3024 tabellis,
794 2953 825 3009 in
836 2953 942 3028 quibus
953 2966 1114 3031 captatores

59 3041 242 3122 descripserint
256 3057 326 3103 vota
339 3067 388 3104 sua
402 3067 458 3123 pro
475 3047 594 3104 illomm
608 3046 807 3104 incolumitate
822 3046 878 3103 rite
890 3059 1020 3124 suspectu
1032 3071 1039 3106 :
1053 3069 1115 3108 nou

59 3135 158 3210 (lerum,
168 3141 220 3217 qui
231 3139 403 3198 sucrificium
413 3152 530 3198 centum
538 3142 628 3198 boum
637 3159 668 3198 se
679 3140 806 3198 facturos
814 3140 1016 3216 polliceantur,
1024 3142 1116 3218 siqui-

60 3228 111 3286 deu
121 3235 219 3290 Roma
229 3253 292 3290 non
302 3234 472 3310 renduntur
483 3233 644 3308 elephanti,
658 3247 712 3290 nec
722 3232 755 3289 iu
768 3233 849 3289 Italia
859 3245 889 3291 et
901 3235 1007 3292 nostris
1017 3237 1117 3313 regio·

59 3321 127 3382 mbas
136 3326 195 3384 istae
205 3327 310 3384 belluae
323 3339 490 3397 nuscuntur,
501 3327 552 3384 sed
562 3327 600 3383 ab
610 3326 715 3382 Africae
726 3335 776 3382 ant
787 3325 861 3382 Asiae
873 3325 1042 3402 longinquis
1057 3327 1117 3383 oris

59 3413 234 3477 abducuntur.
258 3425 430 3477 Armentum
450 3431 545 3476 autem
563 3421 785 3495 elephantorum
806 3419 888 3494 quod
907 3420 1025 3476 Caesuris
1045 3438 1117 3494 pro·

60 3509 138 3580 prium
150 3525 209 3582 est,
225 3525 256 3570 et
269 3513 351 3587 quod
365 3515 395 3570 in
409 3514 604 3585 Rutulorum,
620 3512 726 3587 quibus
738 3511 808 3568 olim
821 3511 974 3585 imperavit
983 3511 1115 3586 Turnus,

61 3606 291 3682 compescitur,
299 3607 427 3664 nobilius
434 3617 570 3682 estquam
578 3604 660 3680 quod
667 3603 787 3679 privatis
795 3601 962 3660 homiuibus
969 3605 1117 3681 mancipe-

63 3702 107 3750 lut.
115 3701 185 3768 Quia
196 3701 307 3758 seilicet
318 3701 440 3758 istorum
454 3700 676 3774 elephantorum
686 3697 821 3770 majores,
832 3715 894 3752 nou
903 3696 940 3753 ud
950 3697 1021 3755 alios
1032 3719 1120 3776 quam

62 3783 187 3849 bellorum
195 3811 264 3853 usus
274 3814 291 3849 a
301 3794 424 3850 ducibus
435 3792 556 3863 nostris,
569 3793 696 3865 itemque
708 3789 863 3858 Annibale,
877 3799 905 3846 et
916 3791 1041 3866 Pyrrho,
1051 3797 1119 3853 Mo.

64 3877 186 3942 lossorum
196 3889 275 3964 regi,
284 3887 417 3944 solebant
427 3885 576 3954 adhiberi,
593 3903 684 3961 quum
696 3901 799 3942 eorum
812 3893 896 3961 tergo
910 3894 1005 3943 turres
1016 3888 1119 3946 militi-

65 3967 215 4035 bubeltm
225 3980 349 4057 grenario
355 3978 589 4055 imponerentur,
600 3997 633 4034 ac
642 3977 751 4035 medias
760 3977 790 4032 in
799 3975 1118 4039 acieslmmittereutur.
1131 4007 1135 4020 =

66 4061 115 4119 Sed
128 4069 265 4145 elephanti
278 4074 379 4128 Romae
394 4071 420 4128 ai
436 4072 488 4147 qui
505 4091 584 4128 nuuc
598 4081 708 4138 essent,
727 4069 859 4146 protecto
873 4089 935 4127 non
950 4070 1120 4130 dubitarent

67 4153 160 4219 llorius
171 4175 201 4221 et
214 4165 313 4222 Hister
325 4163 465 4223 Pacuvius
481 4165 598 4224 eosdem
613 4161 758 4222 adducere
772 4162 809 4221 ad
821 4162 935 4237 altaria,
947 4172 976 4221 et
987 4161 1051 4219 illos
1064 4181 1119 4238 pro
