2784 4917
272 382 456 447 sarran
479 380 674 450 nactur
696 388 898 470 oomni.
1064 391 1126 481 ³75

34 497 79 562 Et
93 519 172 564 sua.
193 497 362 586 Quisnam
379 499 558 570 hominurn
576 503 708 572 veniam
728 503 823 592 dare,
843 501 1126 601 quisvelleorum

34 605 183 675 Viribus
202 606 362 678 abnuerit
379 608 453 679 dira
468 626 570 706 atque
588 612 749 687 immania
764 619 883 711 passis,

35 717 79 783 Et
92 717 230 808 quibus
244 717 380 789 illorum
396 735 556 814 poterant
574 724 751 818 ignoscere
768 751 898 816 manes,
1078 749 1127 802 105

34 828 204 916 Quorum
220 831 421 924 corporibus
435 834 685 904 vescebantur?
704 835 827 908 Melius
841 863 904 910 nos

34 939 190 1008 Zenonis
211 955 380 1035 praecepta
398 958 561 1031 monent3
580 969 645 1015 nec
662 948 755 1016 enim
773 950 905 1038 omnia,
926 951 1079 1046 quaedam
1153 941 1162 954 ’

36 1047 100 1115 Pro
112 1049 190 1117 vita
204 1047 363 1120 facienda
376 1067 473 1146 putat
487 1076 495 1122 τ
514 1053 571 1123 sed
585 1057 756 1128 Cantaber
770 1059 861 1130 unde

36 1159 194 1246 Stoicus,
214 1161 346 1254 antiqui
359 1162 543 1256 prasertim
555 1178 651 1234 aetate
662 1165 817 1237 Metelli?

37 1271 141 1339 Nunc
154 1285 255 1339 totus
269 1271 388 1341 Graias
401 1287 601 1367 nostrasque
619 1274 723 1347 habet
740 1279 834 1348 orbis
849 1281 1009 1352 Athenas.
1076 1316 1126 1352 tto

39 1375 151 1447 Gallia
164 1379 357 1463 causidicos
370 1381 487 1451 docuit
499 1381 645 1453 facunda
658 1386 842 1458 Britannos
856 1414 865 1457 ε

38 1489 90 1556 De
103 1488 337 1561 conducendo
350 1488 502 1584 loquitur
512 1493 583 1586 jam
599 1494 737 1566 rhetore
751 1495 872 1567 Thule.

86 1598 228 1669 Nobilis
241 1599 297 1668 ille
311 1616 426 1670 tamen
439 1601 605 1697 populus,
622 1627 725 1698 quern
743 1605 907 1690 diximus3
925 1621 958 1675 et
974 1631 1036 1700 par

42 1710 176 1781 Virtute
195 1725 298 1805 atque
312 1711 398 1798 fide,
416 1711 474 1781 sed
489 1713 598 1806 major
613 1713 707 1784 clade
721 1717 893 1811 saguntus

43 1817 118 1886 Tale
132 1819 221 1913 quid
236 1835 379 1892 excusat.
392 1823 552 1891 Maeotide
565 1826 685 1892 saevior
697 1848 755 1892 ara
1077 1845 1125 1896 115

44 1930 210 2024 AEgyptus
225 1939 235 1999 t
252 1932 379 2026 quippe
395 1929 451 2000 illa
466 1930 604 2001 nefandi
618 1934 763 2002 Taurica
776 1935 862 2003 sacri

44 2039 219 2109 inventrix
233 2041 387 2111 homines
401 2041 464 2138 (ut
473 2043 562 2136 jam,
583 2066 658 2135 quae
671 2044 822 2112 carmina
834 2041 990 2129 tradunt,

46 2150 152 2244 Digna
170 2151 242 2221 fide
258 2149 395 2245 credas)
412 2166 544 2220 tantum
561 2151 728 2240 immolat,
747 2153 889 2223 ulterius
904 2152 952 2222 nil

47 2427 107 2465 snos
121 2410 211 2468 etiam
227 2427 332 2467 vorare
344 2427 407 2467 noa
422 2409 612 2469 dubitassent.
627 2409 701 2482 Quis
716 2410 885 2468 mortalium
899 2419 950 2466 aut
967 2407 1054 2466 etiam
1065 2406 1123 2464 im-

50 2503 229 2573 mortalium,
242 2503 357 2560 civibus
370 2514 429 2560 tam
445 2503 571 2562 fortibus
586 2515 616 2562 et
630 2503 663 2560 in
677 2512 770 2560 tanus
783 2501 921 2577 conjectis
934 2497 1080 2580 angustias
1092 2499 1125 2558 id

49 2613 102 2650 non
121 2597 204 2654 ultro
224 2595 400 2673 ignovisset?
415 2598 488 2672 lpse
503 2609 689 2654 mortuorum
709 2597 823 2668 animae,
842 2614 969 2671 quorum
983 2593 1122 2652 cadavera

50 2687 236 2758 laniabantur,
246 2688 336 2746 credo
344 2689 401 2747 illis
409 2690 524 2747 veniam
535 2699 639 2765 sponte
649 2687 825 2746 annuissent.
841 2688 986 2763 Equidem
997 2685 1057 2744 scio
1066 2703 1121 2742 nos

50 2780 143 2837 nelias
157 2780 310 2837 institutos
327 2800 417 2840 essea
431 2781 529 2839 stoicis
542 2779 739 2856 philosophis,
756 2790 786 2836 et
803 2799 906 2837 eorum
919 2775 1052 2856 principe
1067 2779 1123 2836 Ze-

51 2888 142 2944 none,
162 2873 218 2949 qni
237 2873 350 2930 tametsi
372 2875 513 2932 concedat
534 2873 577 2930 fas
603 2892 662 2931 esse
682 2873 815 2948 quaedam
838 2892 895 2949 pro
916 2873 977 2931 vita
1001 2889 1122 2929 conser-

52 2963 136 3021 vanda
148 2965 271 3036 facere,
295 2984 357 3023 non
377 2978 473 3025 tamen
494 2967 593 3025 omnia
613 2966 702 3025 licere
727 2978 818 3042 putat.
839 2957 951 3025 Verum
971 2964 1123 3043 quomodo

54 3055 136 3112 Stoici
147 3077 212 3115 esse
227 3059 395 3135 philosophi
406 3060 568 3136 potuissent
581 3059 735 3128 Cantabri,
753 3060 912 3134 prasertim
929 3058 1043 3135 antiqui
1056 3057 1123 3113 tte-

54 3149 107 3205 telli
119 3151 271 3227 tempore?
282 3153 367 3210 Nunc
383 3154 464 3210 orbis
482 3165 560 3212 totus
574 3153 766 3230 philosophiae
782 3173 881 3230 graecae
895 3153 1004 3230 pariter
1017 3164 1047 3210 et
1059 3153 1124 3211 Ro·

53 3258 133 3298 manae
149 3244 302 3320 praeceptis
318 3245 456 3302 abundat.
474 3246 678 3321 Eloquentiam
691 3265 707 3302 a
721 3247 811 3304 Gallis
826 3244 957 3305 bcundis
967 3247 1056 3325 Angli
1074 3249 1124 3306 di-

55 3333 189 3396 dicerunt.
215 3339 310 3396 Thule
333 3338 396 3416 ipsa
417 3340 527 3417 cogitat
550 3340 704 3398 rhetorice
722 3340 901 3416 professores
923 3351 1006 3398 certo
1028 3341 1124 3416 pretio

56 3429 206 3487 conductos
219 3430 298 3506 apud
312 3449 343 3488 se
355 3449 507 3489 arcessere.

93 3522 154 3580 113.
169 3526 316 3580 Vascones
334 3523 435 3599 igitur,
454 3525 491 3581 de
510 3525 616 3598 quibus
636 3526 727 3583 modo
749 3526 884 3601 agebam,
905 3534 934 3581 et
954 3522 1124 3598 Saguntini,

54 3609 152 3670 similes
163 3615 222 3671 illis
236 3614 408 3672 fortitudine
419 3627 448 3674 et
461 3611 644 3672 fidelitate'in
655 3618 823 3687 Romanos,
839 3615 907 3672 licet
921 3613 1025 3688 majori
1039 3636 1126 3693 quam

58 3703 206 3779 Vascones,
222 3707 304 3766 clade
313 3708 427 3777 affecti,
441 3707 599 3783 ejusmodi,
614 3726 685 3782 quas
702 3707 881 3779 memoravi,
893 3707 1127 3766 excusationibus

59 3795 96 3849 uti
113 3802 218 3858 merito
235 3811 372 3876 possunt;
389 3820 451 3858 non
469 3801 539 3858 item
554 3801 701 3878 AEgyptii,
720 3819 848 3876 qaorum
866 3801 1020 3860 crudelitas
1034 3803 1129 3862 vincit

62 3884 257 3951 immanitatem
266 3894 426 3950 incolarum
438 3893 612 3951 Chersonesi
623 3892 769 3963 Tauricae,
783 3892 862 3968 apud
875 3910 949 3968 quos
963 3893 1064 3952 Dianae
1077 3913 1129 3951 ara

62 3997 144 4057 prope
153 3987 323 4045 Moeotidem
332 3989 470 4063 paludem
479 3987 592 4044 visitur.
604 3985 652 4044 llli
662 3985 740 4043 enim
752 3985 866 4043 cruenti
876 3985 1009 4044 sacrificii
1019 3986 1127 4044 inven-

65 4081 132 4133 tores
148 4079 193 4154 (si
210 4080 306 4156 poetis
325 4080 489 4158 credimus)
514 4081 648 4138 homines
666 4078 819 4136 immolant
837 4079 994 4168 duntaxat}
1011 4096 1072 4135 non
1093 4077 1127 4134 iis

63 4181 217 4246 vescantur,
227 4175 596 4250 nequemetuuntvictimae
603 4172 733 4231 infelices
741 4185 855 4250 nepost
864 4173 978 4232 obitum
989 4171 1129 4230 funestius
