2784 4917
397 661 635 748 SATIRAE
664 659 922 749 DECIMAE
954 658 1198 773 QUINTAE

631 849 968 906 ARGUMENTUM.

488 1078 590 1128 Obtinet
599 1081 720 1145 Egyptus
728 1097 859 1146 perversos
870 1083 948 1148 impia
958 1083 1028 1132 ritus.
1036 1109 1071 1120 -

491 1166 617 1211 Immunes
624 1164 687 1211 ritus
699 1165 826 1230 Egyptius
835 1165 919 1214 incola
927 1165 1022 1216 5555155.

641 1264 953 1322 (ammonentem)

405 1447 581 1484 nnuntons
604 1448 787 1486 numm.
803 1463 837 1476 ·-
853 1451 892 1488 DB
908 1444 1139 1488 SUPBR'STITIOH.
1151 1463 1185 1474 -···

259 1528 297 1564 ul
314 1528 586 1568 surlnsrrrtomus
604 1531 811 1571 nominant.
830 1547 864 1558 ¹-
885 1535 923 1570 111
940 1535 1148 1572 annotemus
1164 1535 1274 1570 wlm-
1286 1549 1318 1558 ·-

560 1617 599 1654 AD
615 1617 763 1652 Volmlll!
783 1617 982 1655 strumen!-
999 1633 1045 1658 ··,

337 1699 376 1735 D!
385 1701 468 1739 um
481 1701 605 1739 11801101
618 1701 751 1738 eumuna
766 1702 800 1738 ΕΤ
817 1703 938 1739 ttnrmo
948 1703 1033 1741 Vim!
1046 1702 1245 1740 flssmollll.

297 1938 333 1993 ln
342 1937 396 1994 hac
408 1937 519 2006 Satira,
537 1937 575 1993 ad
592 1938 746 1994 Volusium
761 1937 946 2014 Bithynicum
961 1937 1083 2012 scripta,
1101 1937 1119 1992 J
1120 1937 1242 1994 nvenalis
1254 1955 1318 2012 gra·

255 2028 371 2085 vissime
387 2028 535 2086 invehitur
548 2029 580 2084 in
595 2029 758 2106 religiosam
772 2030 977 2106 AEgyptiorum
995 2029 1188 2101 dementiam,
1205 2029 1251 2105 qui
1262 2047 1321 2085 non

255 2121 344 2176 modo
356 2131 486 2178 monstra
499 2123 642 2193 Deorum,
654 2121 789 2180 animalia
801 2133 831 2180 et
843 2123 938 2190 oleru,
954 2120 1101 2178 sedetiam
1112 2121 1162 2178 alii
1172 2121 1318 2195 5115155355-

254 2213 336 2269 modi
351 2215 471 2270 nnminn
491 2215 603 2284 colant,
622 2225 652 2271 et
671 2216 712 2272 ob
732 2217 807 2272 banc
827 2215 975 2292 religionis
994 2214 1191 2272 diversitatem
1205 2225 1278 2272 tanto
1292 2233 1320 2268 se

254 2307 379 2364 invicem
390 2307 459 2363 odio
471 2318 699 2382 prosequantur,
715 2319 749 2364 ut
759 2328 834 2365 caeco
850 2324 1070 2382 nonnumquam
1084 2307 1187 2364 firrore
1202 2305 1319 2363 instincti

254 2419 317 2472 cos,
338 2401 390 2478 qni
407 2401 470 2458 aliis
485 2409 606 2456 utantur
624 2400 728 2472 555515,
751 2400 894 2458 devorare
913 2419 975 2456 non
992 2397 1129 2454 dubitent
1147 2397 1202 2475 (vs.
1217 2397 1319 2474 1-13).

255 2495 328 2565 Qnae
336 2514 374 2552 ne
383 2493 586 2571 quissabnlosa
595 2510 656 2550 essc
667 2503 780 2550 censeat
790 2501 820 2549 et
828 2491 929 2548 similia
940 2491 991 2562 iis,
1006 2508 1069 2564 qnae
1080 2489 1199 2566 Ulysses
1207 2491 1318 2548 Alcinoo

253 2604 341 2660 snper
363 2605 474 2643 coenem
494 2585 532 2642 de
552 2587 773 2662 Laestrygonum
794 2585 1017 2660 Cyclopumque
1037 2583 1217 2640 immanitate
1237 2595 1262 2640 et
1282 2579 1319 2630 ἂν·

252 2676 415 2748 opemque,
427 2677 591 2734 narraverit
606 2676 771 2757 (rs-26),
788 2678 953 2754 exemplum
970 2685 1113 2733 memorat
1126 2675 1318 2734 efferanssnnae

251 2769 336 2843 hujus
348 2771 540 2842 crudelitatis,
552 2771 634 2848 qnod
642 2791 693 2827 sna
705 2783 771 2828 aetus
781 2771 905 2844 viderit;
918 2783 947 2828 et
955 2771 1059 2841 refert,
1073 2767 1199 2828 finitima
1207 2770 1318 2848 oppida,

251 2864 379 2939 Tentyra
396 2874 425 2919 et
443 2864 588 2938 Coptnm,
606 2863 726 2939 antiqua
740 2865 898 2934 simultate,
913 2864 1023 2919 nullam
1034 2860 1122 2920 aliam
1135 2863 1176 2918 ob
1190 2880 1319 2928 caussam,

251 2974 339 3032 quam
349 2955 432 3030 qnod
441 2955 555 3012 diversa
570 2957 716 3013 coluerint
726 2958 860 3027 numina,
873 2957 913 3012 ita
925 2955 1038 3024 arsisse,
1051 2966 1086 3011 ut
1099 2973 1197 3030 nuper
1210 2951 1318 3030 Coptite

251 3069 319 3106 cum
333 3049 509 3126 Tentyritis,
522 3047 601 3105 diem
611 3050 718 3107 lestmn
732 3050 884 3127 agentibus
900 3059 930 3104 et
942 3049 1020 3123 larga
1035 3049 1107 3105 meri
1121 3048 1242 3123 potione
1253 3063 1316 3103 one-

250 3143 330 3215 ratis,
340 3161 400 3218 quo
408 3141 521 3198 facilior
527 3142 650 3199 victoria
659 3154 749 3214 55555,
754 3141 854 3219 jurgio
865 3139 1061 3198 contendendi
1069 3141 1251 3198 occasionem
1257 3137 1317 3195 inde

251 3233 396 3311 ceperint,
415 3221 505 3308 utque
515 3233 578 3288 rixa
590 3234 719 3308 primum
730 3233 870 3290 conviciis
882 3253 915 3289 ac
930 3235 1071 3303 clamore,
1088 3231 1197 3289 deinde
1213 3249 1318 3308 percus-

250 3329 332 3386 sione
339 3325 466 3402 capitum
474 3323 713 3398 vulneribusque,
722 3325 826 3402 pugnis
837 3335 867 3380 et
877 3323 1021 3400 lapidibus
1031 3320 1159 3395 inflictis,
1173 3331 1315 3388 transacta,

251 3441 321 3480 mox
341 3421 428 3478 armis
445 3415 566 3493 sumptis
587 3417 620 3472 in
640 3415 773 3492 praelium
795 3415 955 3488 exarserit,
975 3433 1035 3492 quo
1057 3415 1164 3493 iugatis
1184 3413 1316 3492 eoputis,

250 3533 325 3570 unns
339 3533 460 3584 eurum,
473 3513 525 3588 qui
533 3509 621 3567 nimia
629 3507 788 3567 formidine
798 3529 915 3567 cursum
925 3509 1106 3585 praecipitans
1118 3507 1315 3584 procubuerit,

250 3619 350 3681 captus
365 3628 382 3664 a
397 3604 573 3683 Tentyritis,
589 3614 619 3660 55
632 3621 694 3659 555
710 3602 799 3660 modo
814 3601 846 3659 in
859 3602 984 3679 plurima
997 3612 1091 3660 sectus
1108 3603 1201 3659 frusta
1217 3613 1245 3660 et
1255 3617 1314 3677 par-

250 3699 366 3769 tieulas,
389 3712 423 3756 ut
442 3699 540 3756 multis
562 3695 723 3766 sufficeret,
743 3695 795 3752 sed
814 3696 922 3753 crudus
942 3695 1029 3754 etiam
1049 3715 1083 3752 ac
1102 3706 1181 3752 totus
1201 3692 1314 3752 corrosis

250 3788 363 3845 ossibus
375 3800 455 3847 tanta
470 3790 607 3847 aviditate
620 3789 777 3846 devoratus
790 3787 841 3858 sit,
859 3799 893 3844 ut
910 3789 961 3864 qui
977 3807 1014 3845 ex
1030 3788 1164 3844 hostibus
1177 3780 1314 3844 novissimi

249 3879 398 3949 venerint,
420 3883 574 3957 absumpto
594 3881 654 3955 jam
674 3892 738 3939 toto
755 3899 894 3956 corpore,
914 3880 1008 3937 ductis
1030 3897 1082 3954 per
1103 3889 1211 3938 terram
1227 3873 1313 3954 digitis

249 3970 361 4048 aliquid
371 3972 408 4028 de
422 3973 560 4047 sangnine
570 3972 631 4046 ejus
642 3973 822 4049 gustaverint
836 3971 988 4052 (57-95).
1005 3974 1099 4029 Tanta
1114 3970 1311 4029 inhumanitate

249 4068 361 4125 nullum
370 4083 508 4140 umquam
517 4066 659 4138 populum
668 4067 780 4126 saevisse
787 4068 871 4125 dicit:
883 4088 945 4126 non
955 4068 1171 4145 calaguritanos
1180 4068 1211 4126 in
1217 4071 1310 4124 Vasco

249 4181 320 4220 num
330 4159 453 4230 finibus,
468 4156 763 4233 qui,10ngademum
776 4160 929 4220 obsidione
941 4161 978 4217 ud
991 4161 1088 4220 diram
1102 4163 1210 4221 redacti
1217 4161 1309 4221 lamen
