2784 4917
159 398 216 466 IN
237 395 473 465 sertum
493 391 738 461 nssclmsts
762 392 1002 460 TERTIAM.
1056 393 1117 460 261

58 522 105 576 est,
116 512 220 585 priseos
232 521 341 584 poetam
358 520 391 562 nt
404 507 570 567 indicarent,
587 505 710 559 homines
727 522 743 557 a
759 507 876 558 naturali
889 507 1044 580 optimaque
1061 505 1122 560 vitas

59 593 152 648 rabone
163 594 201 648 ad
212 595 356 666 pessimum
369 591 503 663 gradatim
516 608 573 643 esse
584 587 727 660 delapsos,
740 607 820 642 omne
832 589 901 642 illnd
917 602 1035 661 tempus,
1048 585 1123 660 qnod

58 675 185 731 effluxerit
198 677 262 731 inde
275 679 310 729 ab
320 675 423 747 origine
438 672 548 737 mundi,
568 674 599 724 in
610 685 716 731 aetates,
737 677 869 725 amerallis
880 692 931 744 pru
943 675 1072 744 cujusque
1081 689 1124 724 ru·

58 760 122 813 noue
130 760 328 824 denominatas,
339 756 523 828 descripsisse,
533 767 559 807 et
569 753 682 826 quidem
690 755 734 806 vel
744 753 848 807 induas
859 753 926 823 (vid.
935 754 1012 824 Virg.
1024 753 1124 824 Georg.

58 843 83 904 Ι,
100 843 145 896 ισ5
162 846 247 915 serp),
262 843 305 896 vel
317 842 347 893 in
365 853 418 894 tres
432 841 522 908 (brat.
535 839 626 891 rhen.
643 854 693 889 sou
708 838 791 907 seq.),
804 837 847 889 vel
863 837 891 890 in
905 851 1023 910 quatuor
1034 829 1126 908 (Ovid.

60 923 160 978 Metam.
170 927 201 988 Ι,
212 926 249 993 89
262 943 318 996 seq.
326 936 354 980 et
363 923 425 991 al),
442 920 485 975 vel
494 921 523 974 in
532 921 652 993 quinque
663 919 795 989 (Hesiod.
810 912 870 993 ips.
884 924 1022 988 soc—aod
1031 925 1057 992 ),
1070 941 1126 976 uon

59 1024 114 1060 xero
125 1020 153 1061 ut
162 1009 285 1080 plerique
294 1008 383 1078 intpp.
394 1005 425 1058 b.
435 1003 487 1056 loc.
499 1014 608 1074 putant,
620 1002 649 1054 in
662 1015 740 1067 octo,
756 1015 825 1076 quot
836 1003 890 1056 sint
899 1005 1025 1072 metalla,
1039 1006 1067 1058 iu
1077 1025 1125 1060 an·

61 1107 139 1156 mm,
158 1102 333 1162 argenteam,
345 1089 485 1148 electrum,
498 1101 609 1146 atreum,
626 1103 770 1156 cupream,
786 1097 937 1149 stanneam,
955 1087 1125 1157 plumbeam,

62 1171 176 1237 ferream
192 1173 243 1226 etsi
253 1170 353 1244 gradus
363 1170 454 1243 plnres
465 1186 520 1220 uon
532 1167 602 1220 mule
614 1167 652 1220 ita
665 1169 779 1240 exprimi
789 1170 909 1241 potuisse
919 1167 1054 1224 ridentur.
1068 1172 1125 1224 Ita·

63 1255 269 1328 quesnspicabsr
278 1255 345 1308 olim
357 1271 420 1306 cum
428 1253 528 1305 Vossio
544 1249 613 1320 (vid.
626 1257 711 1323 not),
730 1253 888 1306 iuvenalem
901 1256 1048 1327 respexisse
1057 1255 1125 1310 vati·

63 1337 122 1391 cinia
133 1339 181 1392 illa
192 1340 323 1414 sybillina
336 1337 371 1391 de
383 1335 599 1399 ἀποκαταστάσιι,
614 1353 660 1387 sen
675 1335 851 1408 παλιγγσσισὶᾳ
871 1335 923 1407 (de
941 1351 1058 1410 quotuor
1076 1357 1125 1391 sm·

63 1419 120 1473 culis
132 1419 220 1475 denno
235 1417 407 1476 revolvendis
420 1431 448 1472 et
462 1413 659 1486 renovandis),
674 1416 718 1470 vel
732 1417 831 1486 insuam
844 1417 935 1484 illuns,
950 1420 986 1472 ab
1001 1420 1123 1475 Etruscis

63 1504 156 1558 estibus
173 1505 339 1577 proiectam,
354 1501 390 1556 de
405 1513 468 1556 octo
486 1500 589 1554 seculis
608 1497 712 1552 mundo
731 1495 817 1566 datis,
835 1493 862 1554 et
877 1500 934 1554 vito
950 1503 1124 1576 moribusque

63 1585 189 1642 bominum
197 1587 324 1652 diversis,
336 1586 372 1641 de
384 1586 484 1640 saeculo
494 1603 580 1649 nono,
590 1600 607 1636 a
617 1583 700 1655 Syllo
709 1581 876 1654 temporibus
885 1584 994 1656 (quibus
1006 1587 1123 1642 maxima

68 1668 203 1726 fuitsernsu
215 1671 344 1737 snntntio,
361 1683 388 1725 et
400 1668 521 1742 pravitas
536 1670 659 1736 morum)
674 1666 835 1738 incipiente,
848 1665 921 1721 etde
937 1665 1055 1734 decimo,
1067 1689 1123 1724 sne·

67 1753 147 1810 licium
162 1768 315 1830 temporum
333 1772 474 1826 amesque
491 1749 564 1807 etati
581 1749 711 1805 similium
726 1748 904 1824 principioet
919 1768 1009 1805 rernm
1026 1750 1123 1806 dccxc·

467 1931 700 1958 “niumm

67 2062 193 2129 bominum,
211 2069 269 2134 plns
285 2068 385 2129 virtuti,
402 2082 477 2133 quant
495 2065 563 2116 vitiis
607 2074 642 2114 les
654 2073 760 2131 qualum
771 2061 926 2115 metallorum
936 2061 1070 2130 generibus
1077 2047 1122 2112 ud·

68 2141 206 2207 deditorum
216 2161 329 2196 octavam
342 2145 563 2207 hominnm,vitiis
606 2153 669 2194 usse
682 2147 781 2205 dicitnr,
792 2157 818 2195 ut
826 2157 889 2194 esset
899 2159 985 2204 sures,
997 2153 1123 2208 argentea,

68 2224 130 2284 mgis
144 2241 216 2289 qnam
231 2226 317 2273 virtuti
335 2223 501 2282 studentium
518 2238 563 2270 no·
605 2222 1122 2292 enes,ierrea,etqnsrtaiinitarrsts·s11·

68 2313 114 2348 nou
126 2303 270 2367 bominum,
289 2320 322 2353 ex
339 2305 415 2353 meris
426 2302 493 2350 vitiis
509 2317 564 2350 scs·
605 2298 684 2352 etuias
704 2303 825 2353 ststnisse.
848 2304 926 2353 Nona
945 2303 1022 2368 igitur
1040 2312 1120 2358 meas,

68 2376 190 2447 ictibusque
202 2394 369 2434 consutorum.
380 2405 418 2422 -·
428 2383 561 2446 Granpaeus
606 2384 747 2446 qne-term
758 2393 850 2441 renata,
862 2383 974 2446 adeoque
985 2393 1068 2431 octava
1078 2380 1121 2428 de·

68 2461 231 2525 wlpiosbatur,
248 2463 393 2513 Juvenaleus
411 2460 506 2509 mundo
524 2469 561 2508 tot
604 2463 709 2511 serior.-
721 2464 824 2512 Vossius
836 2461 1044 2527 deSybill.0rnc.
1055 2477 1076 2508 c.
1088 2470 1118 2518 a,

67 2548 145 2602 ntes,
155 2541 205 2590 sive
213 2559 298 2591 esrnns
308 2543 391 2607 potins
399 2541 560 2602 mutationes,
603 2559 631 2608 p.
645 2559 679 2593 m.
695 2552 741 2601 ss,
754 2540 806 2591 haec
817 2544 926 2591 noterit:
940 2563 952 2584 ι
961 2541 1063 2592 Nullum
1076 2540 1120 2588 du.

68 2614 222 2684 lflteptenuia
246 2622 400 2688 descriptas,
424 2619 560 2683 tribuisse,
602 2620 674 2670 binm
684 2633 729 2680 est,
741 2623 802 2686 quin
810 2621 938 2670 luvenalis
947 2622 1070 2670 Cumaeum
1079 2637 1118 2668 se·

68 2708 115 2757 quot
126 2701 198 2749 Solon
209 2694 370 2767 assignaverit
384 2699 496 2762 bomini,
515 2715 559 2747 cn·
603 2711 694 2765 qnntns
702 2701 734 2749 sit
743 2711 835 2760 vetem,
845 2716 898 2764 quse
907 2716 999 2748 nonam
1009 2710 1102 2748 aetstens
1113 2734 1121 2761 ,

66 2773 98 2832 lv
107 2795 166 2828 noua
175 2793 231 2830 setes
241 2781 368 2846 linguent,
382 2791 406 2829 et
419 2777 519 2830 infirma
529 2779 562 2828 sit
603 2780 674 2829 nullo
686 2781 806 2846 signatum
823 2779 938 2838 metallo,
955 2780 1118 2844 descripserat

68 2855 117 2917 (vid.
132 2859 223 2916 ἀσταῖς
238 2863 286 2908 τῶν
301 2857 398 2914 ἡλικιῶν
414 2853 561 2930 perstitistis
603 2860 671 2910 velut
681 2863 792 2910 omnium
806 2871 902 2910 setstnsn
916 2861 1077 2920 teterrimam
1089 2871 1117 2908 ut

66 2933 118 2985 md
133 2933 259 3008 iddcpa‘du
269 2939 368 2988 Solonis
380 2941 477 3007 Fragm.
493 2939 561 3006 apud
603 2951 688 2988 contra
695 2940 814 2990 decimum
821 2951 914 2990 atatem
924 2941 1117 2990 velutiomnium

67 3010 167 3069 (imm.
184 3019 308 3070 Alexnd.
331 3021 423 3070 strom.
441 3022 494 3078 vt,
515 3022 561 3082 16,
603 3017 738 3083 optimam,
761 3029 848 3084 utpote
871 3033 926 3082 quse
948 3019 1028 3067 lutura
1053 3026 1116 3066 esset

66 3095 183 3159 [11σὸιῄ
200 3097 241 3147 ed.
254 3099 360 3158 Posteri,
374 3109 399 3148 et
412 3099 513 3150 Philon.
526 3099 560 3148 de
604 3094 799 3155 ἀποκατάστασις
827 3113 871 3163 per
897 3097 1033 3147 Christum.
1067 3095 1115 3146 Sed

67 3169 139 3226 Mundi
149 3177 262 3244 opificio,
273 3180 318 3230 lib.
328 3183 355 3240 1,
364 3181 404 3228 vel
414 3180 443 3228 in
453 3180 560 3229 Gnonsi·
602 3189 673 3242 poete
685 3194 763 3244 quum
772 3178 842 3228 istam
852 3171 1049 3227 ἀποκατάστασιν
1061 3190 1114 3222 non

66 3263 135 3304 mmm
157 3261 236 3309 Poett.
256 3261 325 3324 Opp.
347 3276 361 3307 a
381 3259 511 3311 Glandorl'.
534 3269 558 3308 et
601 3257 753 3320 admitteret,
772 3259 857 3308 scribit
871 3274 963 3307 nonum
978 3255 1113 3306 etiamnum

67 3331 156 3402 F⁰ttlage
170 3340 238 3404 Lips.
257 3341 338 3402 1776,
352 3338 425 3388 editis
443 3350 504 3389 tom.
516 3343 556 3400 11,
600 3337 678 3386 fluere
686 3349 798 3388 etatem:
812 3339 920 3386 inlibris
932 3339 998 3385 enim
1010 3337 1115 3384 (inruere

66 3425 109 3476 [³⁸3-
124 3433 152 3478 77
169 3418 242 3485 sep).
255 3444 293 3457 -
305 3418 430 3466 Platbneri
444 3418 557 3468 animsd·
601 3419 701 3483 sybilla
721 3413 905 3488 ἅνεσίγρσφσς,
926 3428 951 3464 et
969 3417 1022 3463 sine
1042 3413 1114 3463 titulo

67 3497 130 3544 'ttsio
141 3509 176 3545 est
186 3498 240 3547 bzc
252 3516 259 3548 t
270 3520 282 3541 ι
290 3498 379 3548 Procul
392 3499 470 3548 dnbio
483 3511 557 3565 poeta
602 3498 648 3546 init
656 3508 742 3546 octavs
750 3509 774 3547 et
782 3514 849 3546 nonu
859 3508 923 3545 setas.
933 3497 960 3544 Si
970 3495 995 3542 id
1007 3510 1058 3542 uon
1069 3495 1114 3554 sit,

65 3577 297 3641 mpeutmsepsem
307 3573 398 3626 metalli
410 3579 512 3643 species.
524 3579 559 3628 Ut
602 3577 735 3626 verisimile
747 3588 798 3638 est,
815 3577 847 3624 ab
864 3585 921 3624 octo
935 3575 990 3624 eseli
1007 3574 1114 3638 regioni·

65 3647 265 3710 {titurostenderet
275 3655 458 3722 improbitstem
467 3657 557 3716 saculi,
602 3656 663 3714 bus,
681 3672 726 3704 seu
743 3655 858 3720 spbrereis
878 3666 934 3704 octo
950 3651 1080 3714 sentibus,
1100 3671 1115 3702 s

64 3740 139 3782 tonsus
148 3751 199 3784 esse
209 3737 244 3784 sit
251 3745 358 3794 etatem,
366 3732 396 3786 id
406 3747 455 3796 est,
465 3753 557 3786 nonant
602 3734 689 3783 tellure
697 3751 757 3784 vero
768 3751 906 3800 cognomen
920 3734 1028 3784 additum
1042 3735 1114 3782 inisse

64 3811 152 3870 lptciem
162 3814 254 3862 metalli
265 3829 318 3863 esse
330 3815 521 3876 inveniendam,
530 3825 558 3864 nt
601 3829 690 3875 nonae,
704 3829 780 3878 quom
794 3825 902 3874 constet,
916 3814 1010 3878 aliquot
1024 3815 1114 3878 Pytho·

65 3899 140 3938 tumen
151 3893 350 3958 capist.Sedcnr
362 3911 416 3944 non
426 3899 558 3944 crucam?
601 3908 690 3958 gosem
715 3909 806 3956 eosque
831 3905 960 3958 sequutum
985 3893 1114 3942 Philonem

65 3961 97 4018 lx.
108 3971 272 4019 commistione
285 3971 335 4020 boc
348 3973 485 4038 specierum
502 3971 558 4021 lieri
600 3973 715 4022 sudem
732 3975 794 4022 istoc
810 3975 898 4024 ordine
917 3975 969 4024 caeli
987 3957 1114 4039 digessisse

66 4054 151 4103 potem,
167 4049 247 4116 bisgis
263 4067 324 4100 vesu
339 4062 389 4114 est,
410 4062 508 4117 poetam
525 4052 558 4101 sd
602 4054 744 4120 regiones.-
764 4055 857 4104 Omitto
869 4057 972 4106 aliorum
987 4055 1113 4115 conjectu·

70 4119 167 4188 Sibyllam
178 4130 327 4196 respexisse,
339 4147 392 4197 quse
404 4131 492 4181 mnndi
501 4143 558 4181 seta-
603 4151 642 4184 ras
654 4135 738 4189 minus
753 4135 900 4202 probabiles.
