2784 4917
243 382 287 459 cr
520 380 563 446 o.
591 344 729 446 tumr
757 378 1044 449 Juvuunms

243 500 288 566 Et
302 494 423 591 quibus
436 511 552 565 aurata
565 520 639 565 mos
653 513 704 566 est
716 496 845 594 fulgere
859 498 1012 570 lacerna?

240 604 334 695 Quid
349 604 469 692 refert,
484 606 597 701 magni
613 607 726 676 sedeat
740 634 808 703 qua
821 624 918 703 parte
932 608 1070 693 dreetri,

242 716 311 805 Qui
325 717 380 785 vix
395 718 585 787 cornicines
603 718 775 806 exaudiet,
795 734 896 815 atque
913 720 1070 790 tubarum

242 826 456 898 Concentus?
469 827 614 897 clamore
628 853 714 923 opus
726 844 791 916 cst,
806 845 845 899 ut
856 822 976 917 sentiat
989 828 1079 897 auris
1263 842 1315 895 υς

241 941 353 1030 Quem
369 941 460 1010 dicat
476 940 607 1008 venisse
623 966 720 1035 puer,
735 956 820 1035 quot
833 940 970 1010 nuntiet
982 942 1093 1010 horas.

241 1054 409 1121 Praetcrea
423 1049 581 1119 minimus
595 1049 706 1145 gelido
717 1050 789 1144 jam
802 1075 946 1146 corpore
961 1051 1097 1147 sanguis

241 1162 346 1230 Febre
360 1158 447 1230 calet
460 1158 547 1245 sola3
564 1158 764 1229 circumsilit
776 1160 913 1253 agmine
927 1158 1017 1230 lacto

241 1270 444 1339 Morborum
463 1292 564 1335 omne
585 1292 715 1363 genus:
734 1292 878 1364 quorum
898 1270 926 1338 si
944 1269 1084 1338 nomina
1101 1292 1249 1363 qureras,

242 1378 434 1472 Promptius
450 1376 637 1471 expediam,
657 1392 742 1471 quot
756 1380 920 1448 amaverit
933 1381 1062 1475 Hippia
1076 1381 1244 1467 moecbos,
1264 1412 1316 1448 220

240 1488 336 1579 Quot
345 1487 529 1557 Themison
545 1510 652 1582 aegros
666 1502 849 1556 auctumno
867 1487 1031 1558 occiderit
1044 1513 1132 1575 uuo,

241 1598 335 1686 Quot
349 1594 477 1667 Basilus
494 1598 619 1683 socios,
639 1611 724 1690 quot
740 1597 1042 1693 circumscripserit
1055 1597 1179 1667 Hirrus

241 1706 408 1803 Pupillos,
426 1722 511 1801 quot
528 1705 629 1800 longa
645 1696 737 1775 viros
754 1706 930 1775 exsorbeat
946 1703 1016 1775 u'no

241 1818 362 1887 Maura
380 1816 452 1901 die,
469 1829 554 1909 quot
569 1813 752 1909 discipulos
767 1814 910 1905 inclinet
923 1814 1103 1905 Hamillus3

241 1918 442 1995 Percurram
456 1924 571 2009 citius,
591 1938 673 2016 quot
691 1922 786 1992 villas
803 1926 971 2019 possideat
987 1951 1095 2013 nunc,
1268 1941 1318 1992 ns
1385 1987 1386 1994 ,

241 2036 320 2124 Quo
332 2035 493 2105 tondente
509 2032 618 2127 gravis
630 2031 749 2125 juveni
764 2034 849 2103 mihi
862 2034 967 2103 barba
979 2036 1131 2105 sonabat.
1385 2031 1386 2038 '

241 2143 302 2215 llle
315 2146 476 2230 humero,
490 2142 547 2210 hic
563 2140 701 2228 lumbis,
715 2142 772 2211 hic
785 2168 868 2212 coxa
881 2143 1014 2229 debilis,
1030 2144 1146 2213 ambos
1250 2196 1255 2202 -

241 2255 391 2325 Perdidit
405 2250 460 2321 ille
474 2248 593 2323 ,oculos
607 2266 641 2320 et
657 2250 758 2322 luscis
772 2252 902 2321 invidet
918 2278 927 2322 z
943 2252 1046 2346 hujus

241 2364 368 2435 Pallida
384 2362 476 2431 labra
489 2361 603 2431 cibum
616 2361 789 2455 accipiunt
802 2362 915 2457 digitis
930 2362 1057 2432 alienis.

241 2464 320 2571 lpse
335 2473 377 2544 ad
392 2486 612 2567 conspectum
627 2496 731 2539 coenae
745 2469 906 2557 diducere
919 2472 1042 2541 rictum
1269 2492 1321 2545 230

143 2718 147 2729 Ι
242 2642 294 2719 qui
307 2642 413 2701 auratis
425 2640 548 2699 lucernis
559 2638 710 2719 magnifice
722 2638 820 2697 vestiti
835 2640 957 2715 prodire
968 2641 1081 2699 solent?
1091 2640 1166 2717 quid
1178 2642 1321 2714 interest,

242 2754 300 2811 qua
312 2735 343 2789 in
355 2744 438 2809 parte
450 2735 548 2811 magni
558 2733 663 2789 theatri
672 2730 770 2789 sedeat
782 2732 848 2806 ille,
860 2734 912 2808 qui
921 2733 971 2791 vix
981 2734 1132 2809 percipere
1141 2746 1231 2810 quest
1238 2755 1322 2793 acres

139 2888 140 2895 χ
242 2844 385 2885 cornuum
397 2840 484 2881 sonos
498 2836 528 2881 et
540 2825 728 2881 buccinarum
740 2826 925 2903 clangorem?
938 2827 1102 2883 Clamorem
1110 2828 1247 2884 attollere
1260 2848 1325 2887 ser-

240 2940 294 2979 vus
304 2919 404 2989 debet,
418 2918 664 3003 eumqadmonens,
678 2918 743 2993 quis
755 2919 851 2994 ipsum
863 2917 1016 2976 conveniat
1029 2919 1127 2994 domi,
1141 2931 1232 2995 quota
1244 2905 1323 2980 bora

240 3014 292 3086 sit,
304 3024 338 3070 ut
348 3029 430 3069 aures
441 3010 518 3066 illius
533 3010 666 3067 sentiant.
683 3014 826 3067 Praeterea
843 3010 904 3084 jam
918 3011 1056 3068 minimus
1069 3023 1183 3088 stagnat
1198 3016 1322 3091 sanguis

240 3108 274 3165 in
288 3104 386 3183 gelido
403 3103 592 3178 corpusculo,
610 3102 692 3178 isque
710 3102 846 3179 frigidus,
867 3103 923 3160 nisi
941 3102 1023 3159 febre
1040 3103 1234 3161 accendatur:
1252 3118 1323 3162 tur-

239 3198 340 3258 matim
351 3208 381 3253 et
389 3194 520 3269 undique
533 3192 639 3265 insilit,
654 3194 741 3269 eique
753 3194 898 3252 incumbit
910 3195 1083 3253 morborum
1095 3195 1189 3253 omnis
1201 3200 1323 3273 generis

240 3296 345 3353 cohors
354 3308 517 3358 numerosa,
529 3306 603 3363 quos
613 3286 765 3344 nominare
776 3288 801 3343 si
811 3289 909 3356 velim,
920 3288 1004 3345 citius
1015 3288 1141 3346 dixerim
1151 3300 1227 3364 quot
1235 3292 1322 3348 edul-

241 3401 321 3446 teros
339 3379 479 3442 amaverit
497 3378 617 3455 Hippia3
635 3390 709 3454 quot
723 3378 825 3455 aegroti
846 3398 864 3437 a
880 3380 994 3437 medico
1012 3380 1186 3439 Tbemisone
1205 3380 1323 3439 fuerint

238 3498 300 3536 uno
313 3488 455 3534 autumno
472 3472 628 3541 interfecti3
641 3482 715 3546 quot
733 3470 827 3528 socios
843 3472 965 3540 Basilus,
980 3483 1054 3547 quot
1066 3472 1192 3549 pupillos
1210 3473 1321 3532 Hirrus

239 3552 293 3645 per
303 3570 390 3625 mulas
403 3576 478 3623 artes
497 3562 678 3638 spoliaveris,
693 3574 767 3637 quot
784 3563 865 3620 viros
883 3562 915 3619 in
932 3584 993 3620 uno
1011 3564 1059 3620 die
1074 3566 1176 3620 Maura
1189 3584 1321 3641 procero

239 3678 364 3733 corpore
376 3658 528 3715 exsorbeat
535 3676 544 3729 3
557 3666 630 3732 quot
643 3656 801 3730 discipulos
815 3655 970 3727 Hamillus,
981 3658 1075 3713 multo
1088 3656 1271 3732 corruptior,
1282 3660 1321 3715 ad

236 3764 370 3826 stuprum
381 3752 513 3806 incurvet
524 3770 531 3805 ε
544 3749 709 3826 promptius
718 3767 902 3820 enarravero,
912 3760 986 3824 quot
997 3748 1080 3805 villas
1090 3768 1169 3807 nme
1178 3753 1319 3825 proprias

238 3842 382 3922 possideat
393 3840 443 3897 ille
455 3852 567 3912 tonsor,
580 3861 639 3917 quo
657 3852 803 3899 resecante
813 3840 905 3897 barba
918 3841 991 3897 mihi
999 3840 1101 3915 juveni
1111 3842 1232 3899 molesta
1243 3844 1319 3899 olim

237 3934 399 3997 resonabat.
412 3932 494 3989 Alius
503 3950 589 4011 senex
603 3932 731 3990 humeris
741 3934 869 4004 laborat,
887 3934 959 3991 alius
970 3934 1091 4008 lumbis,
1103 3934 1175 3991 alius
1185 3934 1318 3993 femore:

236 4032 284 4101 hic
295 4027 382 4085 oculo
393 4034 519 4099 utroque
533 4035 633 4098 captus
649 4035 706 4097 est,
722 4026 927 4084 etlortunatos
941 4029 1035 4085 luscos
1046 4037 1146 4102 putet:
1159 4026 1209 4084 ille
1218 4027 1316 4085 aliem

223 4114 293 4200 ”ope
308 4118 435 4195 indiget,
453 4126 485 4173 ut
504 4114 678 4192 pallentibus
695 4118 778 4175 labiis
801 4119 897 4175 cibum
920 4130 1030 4190 sumat3
1052 4137 1202 4194 quumque
1222 4138 1316 4197 appo·
