2784 4917
245 387 309 466 254
535 381 576 446 D.
598 375 730 443 IUNII
751 375 1019 448 IUVENALIS

243 501 415 576 Continuo
430 493 593 591 templum
607 509 643 563 et
657 489 771 562 violati
788 496 936 564 numinis
952 521 1045 584 aras,

242 618 301 697 Et,
318 609 410 706 quod
429 607 607 703 praecipuis
622 619 767 674 mentem
785 603 965 676 sudoribus
982 623 1119 703 urguet,
1250 641 1290 675 220

242 725 291 792 Te
306 720 397 789 videt
413 721 449 788 in
464 717 612 789 somnis:
632 729 689 782 tua
706 735 798 782 sacra
816 728 851 782 et
868 718 977 809 major
993 719 1103 812 imago

243 826 415 916 Humana,
433 829 547 898 turbat
565 823 742 918 pavidum,
759 825 915 920 cogitque
932 827 1039 897 fateri.
1073 873 1079 880 ·

243 942 290 1010 Hi
308 956 401 1023 sunt,
417 940 476 1033 qui
494 933 668 1030 trepidant
682 949 717 1004 et
734 934 776 1005 ad
795 938 909 1004 omnia
929 936 1062 1031 fulgura
1082 936 1218 1032 pallent,

216 1055 223 1064 ’
241 1053 357 1140 Quum
375 1063 486 1130 tonat,
505 1047 673 1116 exanimes
689 1047 801 1139 primo
817 1070 951 1142 quoque
969 1070 1141 1118 murmure
1156 1047 1239 1133 oteli;

243 1161 323 1230 Non
339 1159 432 1252 quasi
446 1157 619 1242 fortuitus,
638 1177 701 1224 nec
717 1168 897 1224 ventorum
914 1157 1019 1245 rabie,
1038 1157 1095 1242 sed
1252 1171 1294 1224 225

242 1274 353 1340 Iratus
367 1269 464 1337 cadat
477 1269 514 1336 in
529 1282 636 1336 terras
650 1281 686 1334 et
697 1263 832 1358 judicet
846 1267 943 1360 ignis.

242 1379 304 1449 Illa
317 1376 401 1447 nihil
417 1379 550 1464 nocuit;
571 1400 652 1446 cura
667 1377 823 1470 graviore
841 1376 978 1444 timetur

220 1560 226 1568 ,
242 1491 399 1558 Proxima
418 1503 610 1584 tempestas,
627 1485 717 1557 velut
735 1488 800 1556 hoe
816 1484 918 1554 dilata
934 1509 1064 1556 sereno.

243 1604 417 1685 Praeterea,
436 1598 548 1668 lateris
565 1597 657 1694 vigili
675 1621 752 1668 cnm
770 1597 865 1666 febre
880 1595 1035 1667 dolorem

242 1712 278 1782 Si
297 1733 429 1804 coepere
446 1709 533 1803 pati,
549 1707 691 1776 missum
706 1706 748 1774 ad
767 1729 828 1778 sua
845 1731 988 1801 corpora
1004 1707 1163 1778 morbum
1253 1721 1298 1774 230

244 1821 374 1889 Infesto
391 1819 535 1888 credunt
551 1843 572 1886 a
589 1818 745 1904 numine;
765 1841 841 1886 saxa
856 1819 1008 1887 Deorum

244 1933 324 2022 Haec
340 1943 373 1996 et
387 1928 454 1996 tela
468 1942 610 2019 putant:
628 1924 791 2019 pecudem
807 1925 972 2022 spondere
991 1927 1110 1997 sacello

245 2036 433 2121 Balantem,
454 2050 488 2103 et
502 2036 645 2104 Laribus
664 2037 1011 2130 cristampromittete
1028 2036 1106 2132 galli
1133 2057 1135 2062 ·

245 2151 325 2220 Non
338 2147 485 2215 audent:
502 2143 585 2238 quid
600 2147 691 2214 enim
709 2167 841 2240 sperare
858 2148 1056 2236 nocentibus
1074 2149 1171 2242 aegris

246 2253 472 2330 Concessum?
489 2254 542 2324 vel
557 2277 633 2348 quoe
651 2279 722 2322 non
741 2251 1002 2348 dignior'hostia
1019 2253 1112 2324 vita?
1260 2270 1303 2322 stt

247 2467 346 2542 erepit,
364 2475 432 2540 post
448 2473 527 2520 artus
547 2470 611 2518 toto
632 2459 723 2517 cubili
741 2438 793 2517 diu
810 2462 991 2535 multumque
1009 2460 1147 2534 jactatos,
1165 2461 1306 2518 confestim

247 2570 320 2617 tetn
335 2557 447 2616 somnia
459 2556 504 2611 illi
515 2553 658 2629 objiciunt
673 2551 813 2626 temptem
828 2551 860 2608 itt
875 2569 934 2625 quo
948 2551 1103 2626 pejeravit,
1117 2571 1181 2610 uae
1193 2571 1306 2628 quarm

245 2670 355 2708 numen
364 2648 501 2718 violarim
516 2647 654 2723 quodque
666 2643 750 2702 illum
762 2643 866 2718 majori
882 2641 971 2700 allicit
986 2655 1116 2716 terrore,
1130 2655 1160 2702 te
1173 2645 1266 2717 videt,
1279 2657 1307 2702 te

247 2743 342 2817 ipsum
364 2755 451 2815 quem
469 2740 612 2814 spoliavit.
637 2736 754 2813 Effigie
774 2745 838 2806 tue,
858 2736 949 2794 instar
964 2735 1084 2806 alicuius
1101 2737 1244 2806 numinis,
1264 2749 1309 2796 ant

245 2833 354 2899 Furit,
369 2833 501 2889 humanae
515 2839 629 2886 staturae
646 2830 767 2886 modom
780 2829 935 2899 excedens,
951 2827 1106 2886 attonitum
1121 2831 1265 2904 percellit,
1282 2841 1308 2887 et

245 2925 283 2982 ad
289 2923 399 2980 crimen
408 2920 606 2978 confitendum
615 2921 716 2996 adigit.
728 2921 877 2995 Ejusmodi
889 2924 1054 2994 sceleratos,
1067 2921 1151 2980 simul
1161 2943 1193 2979 ac
1206 2924 1308 2981 tonitru

247 3016 404 3095 quodpiam
417 3015 576 3089 increpuit,
590 3023 639 3069 aut
650 3013 748 3090 fulgur
757 3013 886 3087 emicuit,
899 3015 1101 3074 cohaerescere
1111 3015 1210 3072 videas
1220 3018 1308 3091 prino

246 3108 309 3166 eseli
329 3125 492 3175 murmure,
512 3105 719 3180 expallescere,
734 3117 814 3164 ructu
831 3107 1001 3180 exanimari,
1017 3107 1138 3184 perinde
1157 3111 1238 3188 quusi
1255 3127 1309 3167 non

245 3200 435 3274 casualiquo,
449 3210 478 3256 et
488 3207 644 3254 ventorum
654 3197 687 3252 vi
696 3198 807 3267 nativa,
824 3201 986 3275 fulguraret
997 3212 1162 3272 tornatae,
1174 3202 1227 3260 sed
1236 3215 1309 3260 certo

246 3290 939 3364 numinisiratieonsilio,etultrieejudicisdextra
948 3294 1064 3350 missum
1072 3293 1311 3370 tulmenipsomm

246 3388 333 3463 capiti
341 3388 497 3463 ingmeret.
509 3383 599 3454 Quod
609 3383 634 3440 si
643 3395 812 3458 presentem
823 3387 981 3460 procellam
991 3385 1135 3462 effugiunt
1145 3386 1310 3456 incolumes,

247 3481 408 3554 proximam
416 3477 533 3557 gravius
542 3474 747 3544 reformidant3
758 3489 789 3534 et
797 3477 926 3552 quamvis
935 3478 1034 3538 celsam
1044 3477 1161 3534 videant
1170 3495 1309 3546 serenum,

247 3571 364 3628 dilatam
377 3573 416 3628 ad
429 3573 518 3628 breve
533 3582 644 3644 tempus
657 3569 796 3626 duntaxat
809 3581 1005 3644 tempestatem
1016 3587 1049 3626 ac
1062 3571 1219 3644 perniciem
1231 3587 1309 3627 suam

248 3665 436 3721 arbitrantur.
452 3666 498 3722 nd
515 3666 592 3736 ltaec,
604 3663 628 3719 si
641 3663 772 3720 laborare
785 3661 860 3718 febri
872 3662 1033 3738 occipiunt,
1052 3663 1083 3718 s't
1094 3664 1167 3720 latus
1179 3664 1235 3719 illis
1245 3681 1310 3720 con-

249 3754 362 3827 doluit,
385 3758 430 3813 ltis
449 3757 619 3815 morbis'ab
640 3757 717 3812 irato
742 3755 797 3812 deo
819 3764 849 3810 se
868 3755 955 3830 plecti
972 3765 1090 3830 putant,
1116 3751 1160 3810 ltis
1182 3766 1310 3829 tanquam

248 3848 323 3905 saxis
335 3860 365 3905 et
382 3851 445 3906 telis
457 3851 518 3924 peti
533 3873 540 3906 :
558 3867 653 3925 neque
668 3849 864 3906 valetudinem
878 3869 895 3906 a
912 3848 1030 3922 Superis
1046 3847 1195 3922 deprecari
1211 3848 1310 3904 audent

250 3942 364 4013 votiva,
377 3961 464 4017 quam
478 3942 535 3998 aris
549 3944 737 4014 admoveant,
753 3961 822 4013 ove,
838 3950 886 3998 aut
901 3939 956 3998 diis
975 3939 1127 4016 penatibus
1140 3941 1247 4017 gallum
1263 3943 1310 3995 im·
1339 4013 1346 4025 Ι

248 4037 418 4093 molendum
435 4034 605 4112 promittere
622 4058 629 4092 :
649 4035 721 4110 quid
742 4037 819 4093 enim
842 4043 958 4112 sperent
978 4033 1108 4094 scelerati
1127 4029 1309 4110 egrotantes?

252 4129 323 4198 Quae
331 4129 461 4202 victima,
475 4145 562 4204 qtsam
573 4126 631 4201 illi,
643 4127 763 4206 dignior
773 4130 834 4186 vita
846 4145 908 4188 non
920 4128 981 4186 est?
