2784 4917
261 366 325 454 ³7⁸
537 371 579 434 n.
605 368 745 436 suun
771 365 1058 434 Jnvnuanrs

259 483 441 553 AEdificare
458 485 594 573 domos,
610 484 753 555 Laribus
770 483 980 578 conjungere
1000 486 1121 554 nostris

259 595 402 663 Tectum
417 591 523 679 aliud,
541 609 632 665 tutos
645 593 758 664 vicino
775 593 890 662 limine
907 617 1043 664 somnos

259 705 310 772 Ut
324 703 444 775 collata
458 704 555 775 daret
572 703 714 792 fiducia;
733 719 913 800 protegere
927 703 1029 774 armis
1259 724 1317 774 155
1366 685 1367 690 ἵ

260 816 426 908 Lapsum,
445 830 505 885 aut
519 816 650 909 ingenti
666 827 843 883 nutantem
858 811 1000 883 vulnere
1015 815 1139 902 civem,

262 916 445 995 Communi
459 925 540 994 dare
555 925 651 1020 signa
667 924 766 1008 tuba,
781 923 959 994 defendier
974 923 1083 993 isdem

259 1036 441 1122 Turribus,
458 1050 560 1129 atque
577 1060 646 1104 uua
661 1050 840 1130 portarum
856 1034 950 1106 clave
967 1036 1088 1105 teneri.

308 1144 376 1214 Sed
386 1145 457 1238 jam
473 1159 672 1239 serpentum
687 1145 797 1240 major
812 1143 996 1215 concordia
1011 1171 1020 1215 :
1039 1145 1145 1240 parcit

260 1256 425 1349 Cognatis
440 1253 580 1325 maculis
595 1253 711 1325 similis
724 1254 815 1325 fera:
832 1252 969 1349 quando
986 1253 1076 1324 leoni
1269 1270 1327 1320 1⁶0

261 1364 396 1432 Fortior
409 1365 536 1460 eripuit
553 1366 657 1435 vitam
674 1363 747 1435 leo?
764 1389 833 1459 quo
851 1389 993 1434 nemore
1009 1389 1167 1460 umquam

261 1472 455 1567 Exspiravit
474 1497 558 1569 aper
575 1475 715 1568 majoris
731 1474 892 1545 dentibus
908 1472 1005 1570 april

262 1583 381 1652 ludica
396 1584 492 1679 tigris
507 1586 580 1678 agit
597 1584 714 1654 rabida
731 1609 810 1654 cum
829 1584 951 1678 tigride
968 1607 1085 1680 paoem

264 1694 485 1787 Perpetuam3
501 1694 598 1762 saevis
615 1693 706 1762 iuter
724 1719 760 1762 se
777 1695 938 1764 convenit
952 1693 1050 1763 ursis.

263 1805 326 1872 Ast
340 1803 473 1873 homini
491 1802 619 1874 ferrum
636 1803 735 1875 letale
750 1805 873 1875 incude
891 1802 1039 1874 nefanda
1279 1807 1329 1862 16⁵

264 1911 465 1982 Produxisse
483 1938 603 2008 parurn
618 1929 687 2000 est;
703 1938 809 2008 quum
826 1930 932 1984 rastra
948 1930 983 1984 et
997 1911 1128 1986 carcub
1142 1926 1264 1982 tantum

264 2019 404 2090 Adsueti
421 2046 582 2116 coquere,
602 2037 637 2092 et
650 2024 771 2094 marris
787 2049 826 2095 ac
843 2049 982 2096 vomere
998 2025 1073 2094 lassi

162 2207 166 2214 t
266 2130 464 2200 Nescierint
481 2131 581 2227 primi
597 2130 727 2228 gladios
744 2135 929 2206 extundere
946 2134 1045 2206 fabri.

152 2287 156 2295 ,
270 2240 487 2336 Adspicimus
503 2241 665 2338 populos,
681 2268 828 2339 quorum
842 2271 913 2317 non
929 2245 1055 2318 sufficit
1072 2245 1131 2314 irae

266 2351 438 2420 Occidisse
457 2351 622 2448 aliquem;
642 2354 701 2423 sed
718 2371 872 2450 pectora,
888 2357 1041 2442 brachia,
1060 2351 1191 2423 vultum
1280 2381 1327 2434 ¹7⁰

267 2464 483 2534 Credideriut
498 2489 606 2559 genus
621 2491 694 2536 esse
709 2467 776 2537 cibi
793 2493 802 2537 :
823 2467 906 2562 quid
921 2467 1050 2538 diceret
1062 2489 1162 2561 ergo,

269 2693 340 2750 quas
366 2676 459 2732 nostri
485 2677 609 2751 majores
632 2676 819 2746 incolebant,
845 2676 969 2748 relictis,
993 2675 1097 2733 domos
1116 2666 1335 2742 conclamabas

268 2765 331 2823 aliis
348 2767 517 2841 adnectere,
538 2770 625 2826 etita
642 2771 748 2845 maiori
764 2771 918 2828 securitate
934 2785 1070 2827 somnum
1087 2785 1203 2844 capere,
1223 2772 1334 2841 propter

269 2868 400 2913 mutuam
423 2858 528 2916 aedium
552 2863 659 2918 nostris
678 2863 900 2937 conjunctarum
921 2861 1091 2933 fidentiam,
1114 2873 1284 2936 possemus:
1306 2861 1336 2908 u!

269 2950 362 3007 civem
380 2950 557 3025 quemlibet,
578 2963 629 3011 aut
647 2966 844 3030 prostratum,
864 2966 914 3011 aut
930 2973 992 3031 prae
1011 2953 1117 3031 grandi
1135 2953 1255 3009 vulnere
1273 2946 1334 3004 titu-

269 3040 388 3099 bantern
405 3027 577 3120 proiegere,
595 3045 707 3102 bellum
725 3045 888 3122 conjunctis
904 3047 1017 3105 viribus
1033 3058 1063 3105 et
1080 3045 1211 3104 buccinis
1225 3041 1335 3106 inferre,

270 3135 372 3194 iisdem
384 3135 530 3192 maenibus
540 3155 573 3194 ac
587 3140 814 3216 propugnaculis
829 3141 943 3206 hostem
958 3158 1073 3214 meere,
1088 3149 1118 3197 et
1133 3138 1261 3213 ejusdem
1272 3130 1334 3191 civi·

269 3229 336 3288 tutis
345 3230 441 3286 clausa
453 3241 540 3304 porta
552 3230 708 3288 contineri.

312 3321 378 3398 159.
399 3323 486 3379 Nunc
498 3321 592 3396 major
607 3323 685 3380 inter
700 3343 825 3401 angues,
845 3345 933 3402 quarn
950 3327 1027 3384 iuter
1044 3323 1178 3384 homines
1195 3316 1332 3380 consensio

269 3428 322 3474 est.
347 3418 427 3473 Fere
451 3433 514 3471 non
540 3413 663 3472 saeviunt
685 3415 719 3472 in
741 3416 816 3476 ieras
838 3419 938 3476 eadem
966 3419 1043 3496 pelle
1068 3426 1224 3476 contectas.
1249 3416 1335 3484 Quan-

269 3510 376 3566 donatu
393 3508 473 3566 leoni
492 3508 540 3565 leo
559 3507 710 3565 robustior
727 3508 817 3566 vitam
835 3509 966 3585 eripuit?
986 3512 1050 3581 Qua
1068 3509 1100 3566 in
1117 3509 1191 3566 silva
1209 3503 1333 3584 grandior

268 3619 339 3675 aper
353 3620 458 3677 aprum
471 3600 607 3658 dentibus
621 3601 781 3659 laceravit?
798 3603 893 3680 Tigris
911 3603 1013 3661 Indica
1029 3621 1097 3661 cnm
1114 3601 1177 3660 aliis
1194 3597 1335 3678 tigridibus

269 3693 323 3750 etsi
333 3693 492 3751 furibunda
505 3713 606 3770 pacem
619 3694 705 3754 colit:
722 3695 800 3752 inter
815 3715 899 3753 ursos
913 3697 1070 3756 concordia
1087 3695 1176 3772 viget.
1192 3692 1333 3753 uomunu

270 3804 341 3842 vero
354 3787 509 3844 crudelitas
519 3807 581 3844 non
591 3788 660 3845 satis
668 3787 757 3845 hahet
770 3787 881 3846 ierrum
893 3789 925 3845 iu
936 3807 1018 3847 enses
1030 3787 1169 3846 nefandas
1179 3785 1334 3845 fabricasse,

270 3899 361 3955 quum
377 3880 465 3956 primi
483 3882 560 3938 fabri
577 3883 693 3940 ferrarii
709 3883 820 3959 gladios
836 3901 964 3959 coquere
982 3883 1172 3962 ignorarent,
1193 3899 1225 3954 ac
1242 3873 1332 3935 rustica

272 3983 384 4030 tanturn
401 3974 610 4044 instrumenta,
625 3988 732 4048 rastra,
757 3977 904 4048 sarculos,
917 3993 1029 4032 murras
1040 3985 1072 4032 et
1087 3989 1222 4031 vomeret
1234 3965 1331 4046 produ·

271 4077 378 4126 cerent.
401 4067 460 4126 Sed
478 4066 611 4124 videmus
634 4069 719 4127 etiam
742 4081 843 4147 gentes
863 4070 1008 4147 integras,
1029 4067 1136 4144 quibus
1151 4067 1195 4125 ira
1209 4055 1330 4122 succensi⁵

271 4176 328 4221 tum
349 4180 451 4238 patum
465 4161 503 4219 sit
519 4161 651 4220 homines
670 4175 823 4236 mactasse,
842 4175 876 4221 ut
896 4182 999 4222 corum
1016 4160 1168 4233 membru,
1193 4156 1330 4218 adunet
