<?xml version="1.0" encoding="UTF-8"?>
<!DOCTYPE html PUBLIC "-//W3C//DTD XHTML 1.0 Transitional//EN"
    "http://www.w3.org/TR/xhtml1/DTD/xhtml1-transitional.dtd">
<html xmlns="http://www.w3.org/1999/xhtml" xml:lang="en" lang="en">
 <head>
  <title>
</title>
<meta http-equiv="Content-Type" content="text/html;charset=utf-8" />
  <meta name='ocr-system' content='tesseract 3.04.00' />
  <meta name='ocr-capabilities' content='ocr_page ocr_carea ocr_par ocr_line ocrx_word'/>
</head>
<body>
  <div class='ocr_page' id='page_1' title='image "bibliothecaclas115lemagoog_0412.png"; bbox 0 0 2784 4917; ppageno 0'>
   <div class='ocr_carea' id='block_1_1' title="bbox 687 1436 929 1508">
    <p class='ocr_par' dir='ltr' id='par_1_1' title="bbox 687 1436 929 1508">
     <span class='ocr_line' id='line_1_1' title="bbox 687 1436 929 1508; baseline -0.021 0"><span class='ocrx_word' id='word_1_1' title='bbox 687 1436 929 1508; x_wconf 87' lang='lat' dir='ltr'>LECTORI.</span> 
     </span>
    </p>
   </div>
   <div class='ocr_carea' id='block_1_2' title="bbox 306 1667 1354 1764">
    <p class='ocr_par' dir='ltr' id='par_1_2' title="bbox 306 1667 1354 1764">
     <span class='ocr_line' id='line_1_2' title="bbox 306 1667 1354 1764; baseline 0.001 -43"><span class='ocrx_word' id='word_1_2' title='bbox 306 1671 371 1722; x_wconf 87' lang='lat' dir='ltr'>Post</span> <span class='ocrx_word' id='word_1_3' title='bbox 379 1668 454 1722; x_wconf 79' lang='lat' dir='ltr'>hune</span> <span class='ocrx_word' id='word_1_4' title='bbox 461 1681 583 1722; x_wconf 84' lang='lat' dir='ltr'>nostrum</span> <span class='ocrx_word' id='word_1_5' title='bbox 590 1668 625 1722; x_wconf 79' lang='lat' dir='ltr'>de</span> <span class='ocrx_word' id='word_1_6' title='bbox 633 1670 760 1725; x_wconf 72' lang='lat' dir='ltr'>iuvenali</span> <span class='ocrx_word' id='word_1_7' title='bbox 770 1672 892 1726; x_wconf 79' lang='lat' dir='ltr'>laborem</span> <span class='ocrx_word' id='word_1_8' title='bbox 901 1672 997 1738; x_wconf 74' lang='lat' dir='ltr'>rsst&#39;st,</span> <span class='ocrx_word' id='word_1_9' title='bbox 1009 1684 1040 1725; x_wconf 87' lang='lat' dir='ltr'>ut</span> <span class='ocrx_word' id='word_1_10' title='bbox 1048 1668 1239 1724; x_wconf 83' lang='lat' dir='ltr'>concludamus</span> <span class='ocrx_word' id='word_1_11' title='bbox 1248 1667 1319 1722; x_wconf 69' lang='lat' dir='ltr'>ates</span> <span class='ocrx_word' id='word_1_12' title='bbox 1353 1681 1354 1764; x_wconf 38' lang='lat' dir='ltr'>t</span> 
     </span>
    </p>
   </div>
   <div class='ocr_carea' id='block_1_3' title="bbox 272 1751 1354 1912">
    <p class='ocr_par' dir='ltr' id='par_1_3' title="bbox 272 1751 1354 1912">
     <span class='ocr_line' id='line_1_3' title="bbox 272 1751 1354 1840; baseline -0.002 -33"><span class='ocrx_word' id='word_1_13' title='bbox 272 1751 426 1825; x_wconf 82' lang='lat' dir='ltr'>profitendo</span> <span class='ocrx_word' id='word_1_14' title='bbox 446 1771 506 1825; x_wconf 80' lang='lat' dir='ltr'>quta</span> <span class='ocrx_word' id='word_1_15' title='bbox 526 1752 668 1806; x_wconf 86' lang='lat' dir='ltr'>Cramerus</span> <span class='ocrx_word' id='word_1_16' title='bbox 685 1755 766 1808; x_wconf 85' lang='lat' dir='ltr'>Notis</span> <span class='ocrx_word' id='word_1_17' title='bbox 783 1756 839 1808; x_wconf 91' lang='lat' dir='ltr'>suis</span> <span class='ocrx_word' id='word_1_18' title='bbox 859 1756 1014 1828; x_wconf 80' lang='lat' dir='ltr'>subjunxit,</span> <span class='ocrx_word' id='word_1_19' title='bbox 1035 1755 1221 1808; x_wconf 80' lang='lat' dir='ltr'>«manumisso</span> <span class='ocrx_word' id='word_1_20' title='bbox 1237 1752 1321 1806; x_wconf 75' lang='lat' dir='ltr'>tsudra</span> <span class='ocrx_word' id='word_1_21' title='bbox 1353 1779 1354 1840; x_wconf 38' lang='lat' dir='ltr'>t</span> 
     </span>
     <span class='ocr_line' id='line_1_4' title="bbox 272 1834 1354 1912; baseline 0.005 -23"><span class='ocrx_word' id='word_1_22' title='bbox 272 1856 368 1911; x_wconf 80' lang='lat' dir='ltr'>opere,</span> <span class='ocrx_word' id='word_1_23' title='bbox 380 1838 407 1890; x_wconf 90' lang='lat' dir='ltr'>iu</span> <span class='ocrx_word' id='word_1_24' title='bbox 422 1836 496 1909; x_wconf 85' lang='lat' dir='ltr'>quod</span> <span class='ocrx_word' id='word_1_25' title='bbox 509 1837 622 1891; x_wconf 86' lang='lat' dir='ltr'>muitum</span> <span class='ocrx_word' id='word_1_26' title='bbox 633 1838 792 1907; x_wconf 73' lang='lat' dir='ltr'>vigilantia,</span> <span class='ocrx_word' id='word_1_27' title='bbox 804 1838 969 1891; x_wconf 72' lang='lat' dir='ltr'>assiduitatis</span> <span class='ocrx_word' id='word_1_28' title='bbox 981 1857 1014 1891; x_wconf 91' lang='lat' dir='ltr'>ac</span> <span class='ocrx_word' id='word_1_29' title='bbox 1024 1837 1181 1912; x_wconf 22' lang='lat' dir='ltr'>laborisxme</span> <span class='ocrx_word' id='word_1_30' title='bbox 1190 1834 1321 1909; x_wconf 66' lang='lat' dir='ltr'>impertiat</span> <span class='ocrx_word' id='word_1_31' title='bbox 1353 1857 1354 1894; x_wconf 75' lang='lat' dir='ltr'>t</span> 
     </span>
    </p>
   </div>
   <div class='ocr_carea' id='block_1_4' title="bbox 271 1918 1323 2574">
    <p class='ocr_par' dir='ltr' id='par_1_4' title="bbox 271 1918 1323 2574">
     <span class='ocr_line' id='line_1_5' title="bbox 273 1918 1321 1993; baseline -0.004 -18"><span class='ocrx_word' id='word_1_32' title='bbox 273 1919 329 1975; x_wconf 86' lang='lat' dir='ltr'>siue</span> <span class='ocrx_word' id='word_1_33' title='bbox 345 1918 447 1974; x_wconf 81' lang='lat' dir='ltr'>invidis</span> <span class='ocrx_word' id='word_1_34' title='bbox 463 1938 495 1973; x_wconf 84' lang='lat' dir='ltr'>ac</span> <span class='ocrx_word' id='word_1_35' title='bbox 505 1938 574 1974; x_wconf 79' lang='lat' dir='ltr'>vana</span> <span class='ocrx_word' id='word_1_36' title='bbox 587 1919 702 1991; x_wconf 75' lang='lat' dir='ltr'>gloriola</span> <span class='ocrx_word' id='word_1_37' title='bbox 720 1920 843 1975; x_wconf 81' lang='lat' dir='ltr'>mihimet</span> <span class='ocrx_word' id='word_1_38' title='bbox 852 1923 978 1975; x_wconf 82' lang='lat' dir='ltr'>conscius</span> <span class='ocrx_word' id='word_1_39' title='bbox 990 1940 1059 1975; x_wconf 84' lang='lat' dir='ltr'>suut.</span> <span class='ocrx_word' id='word_1_40' title='bbox 1075 1920 1160 1987; x_wconf 88' lang='lat' dir='ltr'>Quod</span> <span class='ocrx_word' id='word_1_41' title='bbox 1172 1922 1195 1973; x_wconf 89' lang='lat' dir='ltr'>si</span> <span class='ocrx_word' id='word_1_42' title='bbox 1206 1922 1262 1993; x_wconf 78' lang='lat' dir='ltr'>quis</span> <span class='ocrx_word' id='word_1_43' title='bbox 1272 1921 1321 1971; x_wconf 71' lang='lat' dir='ltr'>latta</span> 
     </span>
     <span class='ocr_line' id='line_1_6' title="bbox 271 2002 1323 2075; baseline -0.004 -16"><span class='ocrx_word' id='word_1_44' title='bbox 271 2024 305 2069; x_wconf 75' lang='grc' dir='ltr'>ςο</span> <span class='ocrx_word' id='word_1_45' title='bbox 316 2002 390 2057; x_wconf 84' lang='lat' dir='ltr'>dicat</span> <span class='ocrx_word' id='word_1_46' title='bbox 406 2022 448 2055; x_wconf 86' lang='lat' dir='ltr'>me</span> <span class='ocrx_word' id='word_1_47' title='bbox 462 2002 490 2055; x_wconf 89' lang='lat' dir='ltr'>iu</span> <span class='ocrx_word' id='word_1_48' title='bbox 503 2002 596 2055; x_wconf 91' lang='lat' dir='ltr'>multis</span> <span class='ocrx_word' id='word_1_49' title='bbox 604 2021 720 2067; x_wconf 84' lang='lat' dir='ltr'>errasse,</span> <span class='ocrx_word' id='word_1_50' title='bbox 733 2004 760 2056; x_wconf 91' lang='lat' dir='ltr'>in</span> <span class='ocrx_word' id='word_1_51' title='bbox 772 2004 832 2057; x_wconf 84' lang='lat' dir='ltr'>aliis</span> <span class='ocrx_word' id='word_1_52' title='bbox 842 2004 988 2059; x_wconf 80' lang='lat' dir='ltr'>obscuram</span> <span class='ocrx_word' id='word_1_53' title='bbox 998 2018 1026 2057; x_wconf 78' lang='lat' dir='ltr'>st</span> <span class='ocrx_word' id='word_1_54' title='bbox 1036 2004 1175 2058; x_wconf 82' lang='lat' dir='ltr'>sinistram</span> <span class='ocrx_word' id='word_1_55' title='bbox 1184 2004 1323 2075; x_wconf 71' lang='lat' dir='ltr'>diligentias</span> 
     </span>
     <span class='ocr_line' id='line_1_7' title="bbox 271 2086 1323 2160; baseline -0.002 -19"><span class='ocrx_word' id='word_1_56' title='bbox 271 2086 440 2160; x_wconf 66' lang='lat' dir='ltr'>putatitiae,</span> <span class='ocrx_word' id='word_1_57' title='bbox 462 2104 517 2138; x_wconf 89' lang='lat' dir='ltr'>uon</span> <span class='ocrx_word' id='word_1_58' title='bbox 537 2087 711 2158; x_wconf 78' lang='lat' dir='ltr'>repugnabo,</span> <span class='ocrx_word' id='word_1_59' title='bbox 735 2087 789 2141; x_wconf 88' lang='lat' dir='ltr'>hoc</span> <span class='ocrx_word' id='word_1_60' title='bbox 804 2100 893 2141; x_wconf 86' lang='lat' dir='ltr'>tamen</span> <span class='ocrx_word' id='word_1_61' title='bbox 910 2088 1015 2159; x_wconf 78' lang='lat' dir='ltr'>rogabo</span> <span class='ocrx_word' id='word_1_62' title='bbox 1031 2088 1145 2140; x_wconf 81' lang='lat' dir='ltr'>meliora</span> <span class='ocrx_word' id='word_1_63' title='bbox 1158 2086 1283 2159; x_wconf 54' lang='lat' dir='ltr'>urestet·</span> <span class='ocrx_word' id='word_1_64' title='bbox 1301 2115 1323 2125; x_wconf 85' lang='lat'>-</span> 
     </span>
     <span class='ocr_line' id='line_1_8' title="bbox 273 2168 1323 2245; baseline -0.005 -19"><span class='ocrx_word' id='word_1_65' title='bbox 273 2173 354 2225; x_wconf 86' lang='lat' dir='ltr'>Nunc</span> <span class='ocrx_word' id='word_1_66' title='bbox 363 2168 501 2223; x_wconf 79' lang='lat' dir='ltr'>veniamus</span> <span class='ocrx_word' id='word_1_67' title='bbox 511 2168 545 2222; x_wconf 88' lang='lat' dir='ltr'>sd</span> <span class='ocrx_word' id='word_1_68' title='bbox 556 2168 676 2224; x_wconf 83' lang='lat' dir='ltr'>Iudicem</span> <span class='ocrx_word' id='word_1_69' title='bbox 686 2190 777 2225; x_wconf 85' lang='lat' dir='ltr'>rerum</span> <span class='ocrx_word' id='word_1_70' title='bbox 786 2184 813 2229; x_wconf 86' lang='lat' dir='ltr'>et</span> <span class='ocrx_word' id='word_1_71' title='bbox 821 2173 967 2227; x_wconf 80' lang='lat' dir='ltr'>verborum</span> <span class='ocrx_word' id='word_1_72' title='bbox 977 2190 1037 2245; x_wconf 67' lang='lat' dir='ltr'>qut</span> <span class='ocrx_word' id='word_1_73' title='bbox 1046 2171 1075 2225; x_wconf 90' lang='lat' dir='ltr'>iu</span> <span class='ocrx_word' id='word_1_74' title='bbox 1087 2171 1185 2225; x_wconf 83' lang='lat' dir='ltr'>Satiris</span> <span class='ocrx_word' id='word_1_75' title='bbox 1193 2184 1323 2225; x_wconf 80' lang='lat' dir='ltr'>occurrunt:</span> 
     </span>
     <span class='ocr_line' id='line_1_9' title="bbox 275 2253 1323 2328; baseline -0.004 -20"><span class='ocrx_word' id='word_1_76' title='bbox 275 2256 349 2309; x_wconf 83' lang='lat' dir='ltr'>hunc</span> <span class='ocrx_word' id='word_1_77' title='bbox 363 2253 605 2326; x_wconf 74' lang='lat' dir='ltr'>locupletissimum</span> <span class='ocrx_word' id='word_1_78' title='bbox 616 2267 641 2309; x_wconf 82' lang='lat' dir='ltr'>tt</span> <span class='ocrx_word' id='word_1_79' title='bbox 652 2273 684 2308; x_wconf 81' lang='lat' dir='ltr'>ax</span> <span class='ocrx_word' id='word_1_80' title='bbox 696 2254 770 2309; x_wconf 85' lang='lat' dir='ltr'>omui</span> <span class='ocrx_word' id='word_1_81' title='bbox 780 2269 857 2328; x_wconf 86' lang='lat' dir='ltr'>parte</span> <span class='ocrx_word' id='word_1_82' title='bbox 867 2256 1021 2309; x_wconf 83' lang='lat' dir='ltr'>absolutum</span> <span class='ocrx_word' id='word_1_83' title='bbox 1035 2254 1143 2309; x_wconf 81' lang='lat' dir='ltr'>efficere</span> <span class='ocrx_word' id='word_1_84' title='bbox 1154 2254 1243 2308; x_wconf 85' lang='lat' dir='ltr'>conati</span> <span class='ocrx_word' id='word_1_85' title='bbox 1252 2272 1323 2307; x_wconf 74' lang='lat' dir='ltr'>samus</span> 
     </span>
     <span class='ocr_line' id='line_1_10' title="bbox 276 2334 1322 2411; baseline -0.005 -16"><span class='ocrx_word' id='word_1_86' title='bbox 276 2342 371 2396; x_wconf 75' lang='lat' dir='ltr'>Multae</span> <span class='ocrx_word' id='word_1_87' title='bbox 382 2358 425 2393; x_wconf 87' lang='lat' dir='ltr'>res</span> <span class='ocrx_word' id='word_1_88' title='bbox 437 2357 469 2392; x_wconf 84' lang='lat' dir='ltr'>uc</span> <span class='ocrx_word' id='word_1_89' title='bbox 480 2359 576 2403; x_wconf 85' lang='lat' dir='ltr'>voces,</span> <span class='ocrx_word' id='word_1_90' title='bbox 587 2359 643 2393; x_wconf 91' lang='lat' dir='ltr'>nou</span> <span class='ocrx_word' id='word_1_91' title='bbox 655 2340 706 2393; x_wconf 82' lang='lat' dir='ltr'>nisi</span> <span class='ocrx_word' id='word_1_92' title='bbox 718 2342 745 2393; x_wconf 89' lang='lat' dir='ltr'>in</span> <span class='ocrx_word' id='word_1_93' title='bbox 760 2342 826 2394; x_wconf 84' lang='lat' dir='ltr'>Var.</span> <span class='ocrx_word' id='word_1_94' title='bbox 841 2343 927 2394; x_wconf 81' lang='lat' dir='ltr'>laectt.</span> <span class='ocrx_word' id='word_1_95' title='bbox 942 2339 984 2392; x_wconf 84' lang='lat' dir='ltr'>vel</span> <span class='ocrx_word' id='word_1_96' title='bbox 1000 2339 1027 2391; x_wconf 90' lang='lat' dir='ltr'>iu</span> <span class='ocrx_word' id='word_1_97' title='bbox 1038 2338 1190 2392; x_wconf 79' lang='lat' dir='ltr'>Commeut.</span> <span class='ocrx_word' id='word_1_98' title='bbox 1204 2334 1322 2411; x_wconf 70' lang='lat' dir='ltr'>quarrada</span> 
     </span>
     <span class='ocr_line' id='line_1_11' title="bbox 275 2419 1321 2499; baseline -0.006 -20"><span class='ocrx_word' id='word_1_99' title='bbox 275 2426 368 2499; x_wconf 85' lang='lat' dir='ltr'>ibique</span> <span class='ocrx_word' id='word_1_100' title='bbox 381 2425 537 2491; x_wconf 79' lang='lat' dir='ltr'>illustratas,</span> <span class='ocrx_word' id='word_1_101' title='bbox 551 2422 709 2479; x_wconf 81' lang='lat' dir='ltr'>iudicantur</span> <span class='ocrx_word' id='word_1_102' title='bbox 724 2425 810 2478; x_wconf 86' lang='lat' dir='ltr'>literis</span> <span class='ocrx_word' id='word_1_103' title='bbox 825 2432 854 2476; x_wconf 86' lang='lat' dir='ltr'>V.</span> <span class='ocrx_word' id='word_1_104' title='bbox 870 2429 898 2476; x_wconf 78' lang='lat' dir='ltr'>L,</span> <span class='ocrx_word' id='word_1_105' title='bbox 914 2434 940 2475; x_wconf 83' lang='lat' dir='ltr'>et</span> <span class='ocrx_word' id='word_1_106' title='bbox 952 2426 985 2475; x_wconf 85' lang='lat' dir='ltr'>N.</span> <span class='ocrx_word' id='word_1_107' title='bbox 1001 2422 1121 2477; x_wconf 82' lang='lat' dir='ltr'>Nomina</span> <span class='ocrx_word' id='word_1_108' title='bbox 1132 2422 1241 2497; x_wconf 83' lang='lat' dir='ltr'>propria</span> <span class='ocrx_word' id='word_1_109' title='bbox 1251 2419 1321 2474; x_wconf 73' lang='lat' dir='ltr'>iulias</span> 
     </span>
     <span class='ocr_line' id='line_1_12' title="bbox 276 2505 1052 2574; baseline -0.009 -11"><span class='ocrx_word' id='word_1_110' title='bbox 276 2508 374 2574; x_wconf 84' lang='lat' dir='ltr'>literis,</span> <span class='ocrx_word' id='word_1_111' title='bbox 390 2520 479 2563; x_wconf 84' lang='lat' dir='ltr'>cetera</span> <span class='ocrx_word' id='word_1_112' title='bbox 487 2506 607 2563; x_wconf 83' lang='lat' dir='ltr'>romanis</span> <span class='ocrx_word' id='word_1_113' title='bbox 619 2507 820 2563; x_wconf 74' lang='lat' dir='ltr'>characteribus</span> <span class='ocrx_word' id='word_1_114' title='bbox 833 2517 984 2561; x_wconf 77' lang='lat' dir='ltr'>exarantur.</span> <span class='ocrx_word' id='word_1_115' title='bbox 998 2505 1052 2558; x_wconf 83' lang='lat' dir='ltr'>En.</span> 
     </span>
    </p>
   </div>
   <div class='ocr_carea' id='block_1_5' title="bbox 0 0 1415 4917">
    <p class='ocr_par' dir='ltr' id='par_1_5' title="bbox 0 0 1415 4917">
     <span class='ocr_line' id='line_1_13' title="bbox 0 0 1415 4917; baseline 0 0"><span class='ocrx_word' id='word_1_116' title='bbox 0 0 1415 4917; x_wconf 95' lang='lat' dir='ltr'> </span> 
     </span>
    </p>
   </div>
  </div>
 </body>
</html>
