<?xml version="1.0" encoding="UTF-8"?>
<!DOCTYPE html PUBLIC "-//W3C//DTD XHTML 1.0 Transitional//EN"
    "http://www.w3.org/TR/xhtml1/DTD/xhtml1-transitional.dtd">
<html xmlns="http://www.w3.org/1999/xhtml" xml:lang="en" lang="en">
 <head>
  <title>
</title>
<meta http-equiv="Content-Type" content="text/html;charset=utf-8" />
  <meta name='ocr-system' content='tesseract 3.04.00' />
  <meta name='ocr-capabilities' content='ocr_page ocr_carea ocr_par ocr_line ocrx_word'/>
</head>
<body>
  <div class='ocr_page' id='page_1' title='image "bibliothecaclas115lemagoog_0015.png"; bbox 0 0 2784 4917; ppageno 0'>
   <div class='ocr_carea' id='block_1_1' title="bbox 24 402 1143 503">
    <p class='ocr_par' dir='ltr' id='par_1_1' title="bbox 24 402 1143 503">
     <span class='ocr_line' id='line_1_1' title="bbox 24 402 1143 503; baseline -0.002 -32"><span class='ocrx_word' id='word_1_1' title='bbox 24 402 26 503; x_wconf 65' lang='lat' dir='ltr'><strong>l</strong></span> <span class='ocrx_word' id='word_1_2' title='bbox 92 424 1112 482; x_wconf 61' lang='lat' dir='ltr'><strong>mnwmwm&#39;mwwmwwwuwmmwmmu</strong></span> <span class='ocrx_word' id='word_1_3' title='bbox 1140 464 1143 469; x_wconf 96' lang='lat'>.</span> 
     </span>
    </p>
   </div>
   <div class='ocr_carea' id='block_1_2' title="bbox 286 724 884 919">
    <p class='ocr_par' dir='ltr' id='par_1_2' title="bbox 286 724 884 919">
     <span class='ocr_line' id='line_1_2' title="bbox 286 724 884 919; baseline 0.003 -64"><span class='ocrx_word' id='word_1_4' title='bbox 286 734 600 919; x_wconf 10' lang='lat' dir='ltr'><strong>sar-rna</strong></span> <span class='ocrx_word' id='word_1_5' title='bbox 636 724 884 859; x_wconf 78' lang='lat' dir='ltr'><strong>NONA.</strong></span> 
     </span>
    </p>
   </div>
   <div class='ocr_carea' id='block_1_3' title="bbox 287 1286 885 1369">
    <p class='ocr_par' dir='ltr' id='par_1_3' title="bbox 287 1236 885 1369">
     <span class='ocr_line' id='line_1_3' title="bbox 287 1286 885 1369; baseline 0.01 -16"><span class='ocrx_word' id='word_1_6' title='bbox 287 1286 593 1369; x_wconf 69' lang='lat' dir='ltr'><strong>coversans,</strong></span> <span class='ocrx_word' id='word_1_7' title='bbox 620 1287 885 1359; x_wconf 77' lang='lat' dir='ltr'><strong>umuouus.</strong></span> 
     </span>
    </p>
   </div>
   <div class='ocr_carea' id='block_1_4' title="bbox 466 1478 707 1526">
    <p class='ocr_par' dir='ltr' id='par_1_4' title="bbox 466 1478 707 1526">
     <span class='ocr_line' id='line_1_4' title="bbox 466 1478 707 1526; baseline 0 -4"><span class='ocrx_word' id='word_1_8' title='bbox 466 1478 707 1526; x_wconf 73' lang='lat' dir='ltr'><strong>suveunnls.</strong></span> 
     </span>
    </p>
   </div>
   <div class='ocr_carea' id='block_1_5' title="bbox 83 1592 1133 2733">
    <p class='ocr_par' dir='ltr' id='par_1_5' title="bbox 85 1592 985 1854">
     <span class='ocr_line' id='line_1_5' title="bbox 86 1592 985 1742; baseline 0.012 -30"><span class='ocrx_word' id='word_1_9' title='bbox 86 1592 203 1714; x_wconf 76' lang='lat' dir='ltr'><strong>Scine</strong></span> <span class='ocrx_word' id='word_1_10' title='bbox 219 1644 335 1733; x_wconf 86' lang='lat' dir='ltr'><strong>velim,</strong></span> <span class='ocrx_word' id='word_1_11' title='bbox 352 1660 457 1742; x_wconf 89' lang='lat' dir='ltr'><strong>quare&#39;</strong></span> <span class='ocrx_word' id='word_1_12' title='bbox 471 1646 573 1716; x_wconf 91' lang='lat' dir='ltr'><strong>toties</strong></span> <span class='ocrx_word' id='word_1_13' title='bbox 590 1646 691 1735; x_wconf 92' lang='lat' dir='ltr'><strong>mihi,</strong></span> <span class='ocrx_word' id='word_1_14' title='bbox 707 1648 866 1737; x_wconf 72' lang='lat' dir='ltr'><strong>Nevole,</strong></span> <span class='ocrx_word' id='word_1_15' title='bbox 881 1653 985 1723; x_wconf 86' lang='lat' dir='ltr'><strong>tristis</strong></span> 
     </span>
     <span class='ocr_line' id='line_1_6' title="bbox 85 1752 902 1854; baseline 0.015 -34"><span class='ocrx_word' id='word_1_16' title='bbox 85 1752 224 1825; x_wconf 82' lang='lat' dir='ltr'>Occurras</span> <span class='ocrx_word' id='word_1_17' title='bbox 243 1756 355 1851; x_wconf 83' lang='lat' dir='ltr'><strong>fronte</strong></span> <span class='ocrx_word' id='word_1_18' title='bbox 371 1756 534 1842; x_wconf 89' lang='lat' dir='ltr'><strong>obducta,</strong></span> <span class='ocrx_word' id='word_1_19' title='bbox 549 1782 611 1826; x_wconf 87' lang='lat' dir='ltr'><strong>ceu</strong></span> <span class='ocrx_word' id='word_1_20' title='bbox 631 1756 768 1854; x_wconf 80' lang='lat' dir='ltr'><strong>Marsya</strong></span> <span class='ocrx_word' id='word_1_21' title='bbox 783 1760 902 1831; x_wconf 82' lang='lat' dir='ltr'><strong>victus.</strong></span> 
     </span>
    </p>

    <p class='ocr_par' dir='ltr' id='par_1_6' title="bbox 84 1862 965 1964">
     <span class='ocr_line' id='line_1_7' title="bbox 84 1862 965 1964; baseline 0.012 -33"><span class='ocrx_word' id='word_1_22' title='bbox 84 1862 157 1951; x_wconf 88' lang='lat' dir='ltr'><strong>Quid</strong></span> <span class='ocrx_word' id='word_1_23' title='bbox 175 1866 229 1935; x_wconf 91' lang='lat' dir='ltr'><strong>tibi</strong></span> <span class='ocrx_word' id='word_1_24' title='bbox 246 1892 324 1937; x_wconf 94' lang='lat' dir='ltr'><strong>cum</strong></span> <span class='ocrx_word' id='word_1_25' title='bbox 340 1866 453 1951; x_wconf 83' lang='lat' dir='ltr'><strong>vultu,</strong></span> <span class='ocrx_word' id='word_1_26' title='bbox 469 1866 603 1962; x_wconf 87' lang='lat' dir='ltr'><strong>qualem</strong></span> <span class='ocrx_word' id='word_1_27' title='bbox 618 1867 805 1964; x_wconf 88' lang='lat' dir='ltr'><strong>deprensus</strong></span> <span class='ocrx_word' id='word_1_28' title='bbox 819 1870 965 1942; x_wconf 90' lang='lat' dir='ltr'><strong>habebat</strong></span> 
     </span>
    </p>

    <p class='ocr_par' dir='ltr' id='par_1_7' title="bbox 85 1973 976 2073">
     <span class='ocr_line' id='line_1_8' title="bbox 85 1973 976 2073; baseline 0.016 -35"><span class='ocrx_word' id='word_1_29' title='bbox 85 1973 204 2061; x_wconf 80' lang='lat' dir='ltr'><strong>Rauola,</strong></span> <span class='ocrx_word' id='word_1_30' title='bbox 222 1976 302 2046; x_wconf 93' lang='lat' dir='ltr'><strong>dum</strong></span> <span class='ocrx_word' id='word_1_31' title='bbox 320 1976 504 2071; x_wconf 81' lang='lat' dir='ltr'><strong>Rhodopes</strong></span> <span class='ocrx_word' id='word_1_32' title='bbox 517 1976 584 2046; x_wconf 79' lang='lat' dir='ltr'><strong>ude</strong></span> <span class='ocrx_word' id='word_1_33' title='bbox 601 1979 680 2047; x_wconf 87' lang='lat' dir='ltr'><strong>terit</strong></span> <span class='ocrx_word' id='word_1_34' title='bbox 697 1980 837 2073; x_wconf 81' lang='lat' dir='ltr'><strong>inguina</strong></span> <span class='ocrx_word' id='word_1_35' title='bbox 851 1980 976 2052; x_wconf 78' lang='lat' dir='ltr'><strong>barba?</strong></span> 
     </span>
    </p>

    <p class='ocr_par' dir='ltr' id='par_1_8' title="bbox 83 2084 1125 2295">
     <span class='ocr_line' id='line_1_9' title="bbox 84 2084 1125 2181; baseline 0.007 -29"><span class='ocrx_word' id='word_1_36' title='bbox 84 2084 140 2153; x_wconf 83' lang='lat' dir='ltr'><strong>llos</strong></span> <span class='ocrx_word' id='word_1_37' title='bbox 153 2085 324 2181; x_wconf 86' lang='lat' dir='ltr'>colaphum</span> <span class='ocrx_word' id='word_1_38' title='bbox 344 2086 526 2156; x_wconf 86' lang='lat' dir='ltr'>incutimus</span> <span class='ocrx_word' id='word_1_39' title='bbox 542 2084 706 2157; x_wconf 78' lang='lat' dir='ltr'><strong>lambenti</strong></span> <span class='ocrx_word' id='word_1_40' title='bbox 724 2089 872 2159; x_wconf 88' lang='lat' dir='ltr'><strong>crustula</strong></span> <span class='ocrx_word' id='word_1_41' title='bbox 885 2115 991 2161; x_wconf 86' lang='lat' dir='ltr'><strong>servo.</strong></span> <span class='ocrx_word' id='word_1_42' title='bbox 1111 2107 1125 2159; x_wconf 83' lang='lat'>⁵</span> 
     </span>
     <span class='ocr_line' id='line_1_10' title="bbox 83 2194 863 2295; baseline 0.014 -34"><span class='ocrx_word' id='word_1_43' title='bbox 83 2194 225 2265; x_wconf 77' lang='lat' dir='ltr'><strong>licuerat</strong></span> <span class='ocrx_word' id='word_1_44' title='bbox 240 2196 303 2265; x_wconf 89' lang='lat' dir='ltr'><strong>bac</strong></span> <span class='ocrx_word' id='word_1_45' title='bbox 320 2196 405 2266; x_wconf 90' lang='lat' dir='ltr'><strong>facie</strong></span> <span class='ocrx_word' id='word_1_46' title='bbox 422 2196 647 2266; x_wconf 85' lang='lat' dir='ltr'><strong>miserabilior</strong></span> <span class='ocrx_word' id='word_1_47' title='bbox 660 2201 863 2295; x_wconf 79' lang='lat' dir='ltr'><strong>Crepereius</strong></span> 
     </span>
    </p>

    <p class='ocr_par' dir='ltr' id='par_1_9' title="bbox 84 2302 920 2403">
     <span class='ocr_line' id='line_1_11' title="bbox 84 2302 920 2403; baseline 0.01 -32"><span class='ocrx_word' id='word_1_48' title='bbox 84 2302 184 2389; x_wconf 93' lang='lat' dir='ltr'><strong>Pollio,</strong></span> <span class='ocrx_word' id='word_1_49' title='bbox 201 2304 257 2400; x_wconf 91' lang='lat' dir='ltr'><strong>qui</strong></span> <span class='ocrx_word' id='word_1_50' title='bbox 273 2304 441 2400; x_wconf 88' lang='lat' dir='ltr'><strong>triplicem</strong></span> <span class='ocrx_word' id='word_1_51' title='bbox 458 2326 593 2374; x_wconf 81' lang='lat' dir='ltr'><strong>usuram</strong></span> <span class='ocrx_word' id='word_1_52' title='bbox 609 2322 768 2401; x_wconf 75' lang='lat' dir='ltr'><strong>praestare</strong></span> <span class='ocrx_word' id='word_1_53' title='bbox 784 2324 920 2403; x_wconf 87' lang='lat' dir='ltr'><strong>paratus</strong></span> 
     </span>
    </p>

    <p class='ocr_par' dir='ltr' id='par_1_10' title="bbox 83 2413 910 2521">
     <span class='ocr_line' id='line_1_12' title="bbox 83 2413 910 2521; baseline 0.005 -40"><span class='ocrx_word' id='word_1_54' title='bbox 83 2413 207 2500; x_wconf 82' lang='lat' dir='ltr'><strong>Circuit,</strong></span> <span class='ocrx_word' id='word_1_55' title='bbox 223 2429 257 2483; x_wconf 91' lang='lat' dir='ltr'><strong>et</strong></span> <span class='ocrx_word' id='word_1_56' title='bbox 271 2413 382 2484; x_wconf 81' lang='lat' dir='ltr'><strong>fatuos</strong></span> <span class='ocrx_word' id='word_1_57' title='bbox 399 2440 468 2485; x_wconf 91' lang='lat' dir='ltr'><strong>non</strong></span> <span class='ocrx_word' id='word_1_58' title='bbox 485 2416 618 2486; x_wconf 86' lang='lat' dir='ltr'><strong>invenit</strong></span> <span class='ocrx_word' id='word_1_59' title='bbox 632 2442 640 2484; x_wconf 92' lang='lat'>:</span> <span class='ocrx_word' id='word_1_60' title='bbox 654 2416 747 2485; x_wconf 89' lang='lat' dir='ltr'><strong>unde</strong></span> <span class='ocrx_word' id='word_1_61' title='bbox 765 2432 910 2521; x_wconf 79' lang='lat' dir='ltr'><strong>repente¹</strong></span> 
     </span>
    </p>

    <p class='ocr_par' dir='ltr' id='par_1_11' title="bbox 83 2522 849 2620">
     <span class='ocr_line' id='line_1_13' title="bbox 83 2522 849 2620; baseline 0.008 -33"><span class='ocrx_word' id='word_1_62' title='bbox 83 2522 136 2589; x_wconf 92' lang='lat' dir='ltr'><strong>Tot</strong></span> <span class='ocrx_word' id='word_1_63' title='bbox 149 2522 256 2619; x_wconf 75' lang='lat' dir='ltr'><strong>rugae?</strong></span> <span class='ocrx_word' id='word_1_64' title='bbox 271 2536 362 2593; x_wconf 90' lang='lat' dir='ltr'><strong>certe</strong></span> <span class='ocrx_word' id='word_1_65' title='bbox 379 2524 513 2594; x_wconf 90' lang='lat' dir='ltr'><strong>modico</strong></span> <span class='ocrx_word' id='word_1_66' title='bbox 529 2540 712 2595; x_wconf 90' lang='lat' dir='ltr'><strong>contentus</strong></span> <span class='ocrx_word' id='word_1_67' title='bbox 726 2526 849 2620; x_wconf 81' lang='lat' dir='ltr'><strong>agebas</strong></span> 
     </span>
    </p>

    <p class='ocr_par' dir='ltr' id='par_1_12' title="bbox 84 2630 1133 2733">
     <span class='ocr_line' id='line_1_14' title="bbox 84 2630 1133 2733; baseline 0.008 -36"><span class='ocrx_word' id='word_1_68' title='bbox 84 2630 212 2703; x_wconf 81' lang='lat' dir='ltr'><strong>llernam</strong></span> <span class='ocrx_word' id='word_1_69' title='bbox 228 2634 394 2729; x_wconf 76' lang='lat' dir='ltr'><strong>equitem,</strong></span> <span class='ocrx_word' id='word_1_70' title='bbox 409 2635 552 2705; x_wconf 79' lang='lat' dir='ltr'><strong>conviva</strong></span> <span class='ocrx_word' id='word_1_71' title='bbox 565 2636 644 2727; x_wconf 86' lang='lat' dir='ltr'><strong>joco</strong></span> <span class='ocrx_word' id='word_1_72' title='bbox 661 2633 841 2733; x_wconf 81' lang='lat' dir='ltr'><strong>mordente</strong></span> <span class='ocrx_word' id='word_1_73' title='bbox 855 2632 1001 2721; x_wconf 81' lang='lat' dir='ltr'><strong>facetus,</strong></span> <span class='ocrx_word' id='word_1_74' title='bbox 1100 2666 1133 2705; x_wconf 79' lang='grc' dir='ltr'><strong>ιο</strong></span> 
     </span>
    </p>
   </div>
   <div class='ocr_carea' id='block_1_6' title="bbox 352 2878 838 2921">
    <p class='ocr_par' dir='ltr' id='par_1_13' title="bbox 352 2878 838 2921">
     <span class='ocr_line' id='line_1_15' title="bbox 352 2878 838 2921; baseline 0.004 -2"><span class='ocrx_word' id='word_1_75' title='bbox 352 2880 462 2921; x_wconf 73' lang='lat' dir='ltr'><strong>snm</strong></span> <span class='ocrx_word' id='word_1_76' title='bbox 478 2878 565 2921; x_wconf 66' lang='lat' dir='ltr'><strong>ROB</strong></span> <span class='ocrx_word' id='word_1_77' title='bbox 579 2880 838 2921; x_wconf 69' lang='grc' dir='ltr'><strong>ῙΗΙΙΡΙΙΤΔῊΟ.</strong></span> 
     </span>
    </p>
   </div>
   <div class='ocr_carea' id='block_1_7' title="bbox 321 3014 873 3085">
    <p class='ocr_par' dir='ltr' id='par_1_14' title="bbox 321 3014 873 3085">
     <span class='ocr_line' id='line_1_16' title="bbox 321 3014 873 3085; baseline 0 -15"><span class='ocrx_word' id='word_1_78' title='bbox 321 3014 338 3070; x_wconf 86' lang='lat' dir='ltr'>J</span> <span class='ocrx_word' id='word_1_79' title='bbox 347 3015 604 3085; x_wconf 77' lang='lat' dir='ltr'><strong>UVENALIS,</strong></span> <span class='ocrx_word' id='word_1_80' title='bbox 639 3014 873 3073; x_wconf 79' lang='lat' dir='ltr'>NAEVOLUS.</span> 
     </span>
    </p>
   </div>
   <div class='ocr_carea' id='block_1_8' title="bbox 76 3129 1161 4126">
    <p class='ocr_par' dir='ltr' id='par_1_15' title="bbox 76 3129 1161 4126">
     <span class='ocr_line' id='line_1_17' title="bbox 115 3129 1134 3205; baseline 0.004 -20"><span class='ocrx_word' id='word_1_81' title='bbox 115 3148 136 3185; x_wconf 87' lang='lat'><strong>1.</strong></span> <span class='ocrx_word' id='word_1_82' title='bbox 155 3146 217 3187; x_wconf 78' lang='lat' dir='ltr'><strong>rur.</strong></span> <span class='ocrx_word' id='word_1_83' title='bbox 238 3133 265 3188; x_wconf 92' lang='lat'>0</span> <span class='ocrx_word' id='word_1_84' title='bbox 280 3130 413 3198; x_wconf 76' lang='lat' dir='ltr'><strong>Naevole,</strong></span> <span class='ocrx_word' id='word_1_85' title='bbox 427 3130 500 3189; x_wconf 78' lang='lat' dir='ltr'><strong>scire</strong></span> <span class='ocrx_word' id='word_1_86' title='bbox 509 3129 637 3205; x_wconf 82' lang='lat' dir='ltr'><strong>cupiam,</strong></span> <span class='ocrx_word' id='word_1_87' title='bbox 651 3129 840 3204; x_wconf 82' lang='lat' dir='ltr'><strong>quamobrem</strong></span> <span class='ocrx_word' id='word_1_88' title='bbox 849 3130 935 3187; x_wconf 88' lang='lat' dir='ltr'><strong>toties</strong></span> <span class='ocrx_word' id='word_1_89' title='bbox 946 3131 1051 3188; x_wconf 76' lang='lat' dir='ltr'><strong>obvius</strong></span> <span class='ocrx_word' id='word_1_90' title='bbox 1060 3132 1134 3189; x_wconf 82' lang='lat' dir='ltr'><strong>mibi</strong></span> 
     </span>
     <span class='ocr_line' id='line_1_18' title="bbox 82 3221 1135 3297; baseline 0.002 -20"><span class='ocrx_word' id='word_1_91' title='bbox 82 3221 111 3277; x_wconf 82' lang='lat' dir='ltr'><strong>sis</strong></span> <span class='ocrx_word' id='word_1_92' title='bbox 121 3234 227 3279; x_wconf 68' lang='lat' dir='ltr'><strong>mestus</strong></span> <span class='ocrx_word' id='word_1_93' title='bbox 238 3234 268 3279; x_wconf 86' lang='lat' dir='ltr'><strong>et</strong></span> <span class='ocrx_word' id='word_1_94' title='bbox 279 3222 388 3296; x_wconf 82' lang='lat' dir='ltr'><strong>dejecta</strong></span> <span class='ocrx_word' id='word_1_95' title='bbox 400 3234 603 3297; x_wconf 81' lang='lat' dir='ltr'><strong>contractaque</strong></span> <span class='ocrx_word' id='word_1_96' title='bbox 611 3222 724 3288; x_wconf 79' lang='lat' dir='ltr'><strong>fronte,</strong></span> <span class='ocrx_word' id='word_1_97' title='bbox 734 3222 816 3279; x_wconf 73' lang='lat' dir='ltr'><strong>velut</strong></span> <span class='ocrx_word' id='word_1_98' title='bbox 828 3222 947 3297; x_wconf 78' lang='lat' dir='ltr'><strong>Satyrus</strong></span> <span class='ocrx_word' id='word_1_99' title='bbox 958 3224 1087 3297; x_wconf 75' lang='lat' dir='ltr'><strong>Marsyas</strong></span> <span class='ocrx_word' id='word_1_100' title='bbox 1097 3224 1135 3279; x_wconf 89' lang='lat' dir='ltr'><strong>ab</strong></span> 
     </span>
     <span class='ocr_line' id='line_1_19' title="bbox 83 3312 1135 3389; baseline 0.004 -22"><span class='ocrx_word' id='word_1_101' title='bbox 83 3314 200 3389; x_wconf 80' lang='lat' dir='ltr'><strong>Apolline</strong></span> <span class='ocrx_word' id='word_1_102' title='bbox 216 3325 384 3389; x_wconf 55' lang='lat' dir='ltr'><strong>superatum</strong></span> <span class='ocrx_word' id='word_1_103' title='bbox 397 3334 450 3371; x_wconf 89' lang='lat' dir='ltr'><strong>cur</strong></span> <span class='ocrx_word' id='word_1_104' title='bbox 459 3314 546 3371; x_wconf 74' lang='lat' dir='ltr'><strong>babes</strong></span> <span class='ocrx_word' id='word_1_105' title='bbox 559 3312 669 3371; x_wconf 77' lang='lat' dir='ltr'><strong>tristem</strong></span> <span class='ocrx_word' id='word_1_106' title='bbox 682 3314 810 3381; x_wconf 79' lang='lat' dir='ltr'><strong>vultum,</strong></span> <span class='ocrx_word' id='word_1_107' title='bbox 823 3314 937 3387; x_wconf 83' lang='lat' dir='ltr'><strong>qualem</strong></span> <span class='ocrx_word' id='word_1_108' title='bbox 950 3314 999 3371; x_wconf 89' lang='lat' dir='ltr'><strong>ille</strong></span> <span class='ocrx_word' id='word_1_109' title='bbox 1011 3314 1135 3386; x_wconf 72' lang='lat' dir='ltr'><strong>Rauola,</strong></span> 
     </span>
     <span class='ocr_line' id='line_1_20' title="bbox 82 3403 1137 3481; baseline 0.003 -21"><span class='ocrx_word' id='word_1_110' title='bbox 82 3405 123 3479; x_wconf 90' lang='lat' dir='ltr'><strong>qni</strong></span> <span class='ocrx_word' id='word_1_111' title='bbox 132 3406 323 3481; x_wconf 78' lang='lat' dir='ltr'><strong>deprehensns</strong></span> <span class='ocrx_word' id='word_1_112' title='bbox 334 3406 407 3475; x_wconf 81' lang='lat' dir='ltr'><strong>luit,</strong></span> <span class='ocrx_word' id='word_1_113' title='bbox 420 3422 508 3481; x_wconf 67' lang='lat' dir='ltr'><strong>mm</strong></span> <span class='ocrx_word' id='word_1_114' title='bbox 523 3404 641 3481; x_wconf 80' lang='lat' dir='ltr'><strong>inguina</strong></span> <span class='ocrx_word' id='word_1_115' title='bbox 654 3403 814 3461; x_wconf 73' lang='lat' dir='ltr'><strong>meremicis</strong></span> <span class='ocrx_word' id='word_1_116' title='bbox 826 3404 983 3479; x_wconf 77' lang='lat' dir='ltr'><strong>Rhodopes</strong></span> <span class='ocrx_word' id='word_1_117' title='bbox 996 3406 1137 3463; x_wconf 77' lang='lat' dir='ltr'><strong>lamberet</strong></span> 
     </span>
     <span class='ocr_line' id='line_1_21' title="bbox 81 3490 1133 3572; baseline 0.002 -19"><span class='ocrx_word' id='word_1_118' title='bbox 81 3508 103 3553; x_wconf 85' lang='lat' dir='ltr'><strong>et</strong></span> <span class='ocrx_word' id='word_1_119' title='bbox 114 3500 221 3557; x_wconf 75' lang='lat' dir='ltr'><strong>madida</strong></span> <span class='ocrx_word' id='word_1_120' title='bbox 234 3500 324 3557; x_wconf 83' lang='lat' dir='ltr'><strong>barba</strong></span> <span class='ocrx_word' id='word_1_121' title='bbox 340 3500 465 3556; x_wconf 79' lang='lat' dir='ltr'><strong>tereret?</strong></span> <span class='ocrx_word' id='word_1_122' title='bbox 476 3518 530 3555; x_wconf 89' lang='lat' dir='ltr'><strong>nec</strong></span> <span class='ocrx_word' id='word_1_123' title='bbox 543 3490 690 3555; x_wconf 84' lang='lat' dir='ltr'><strong>immerito</strong></span> <span class='ocrx_word' id='word_1_124' title='bbox 702 3496 816 3567; x_wconf 80' lang='lat' dir='ltr'><strong>timuit3</strong></span> <span class='ocrx_word' id='word_1_125' title='bbox 828 3514 952 3569; x_wconf 86' lang='lat' dir='ltr'><strong>namque</strong></span> <span class='ocrx_word' id='word_1_126' title='bbox 963 3512 1017 3552; x_wconf 90' lang='lat' dir='ltr'><strong>nos</strong></span> <span class='ocrx_word' id='word_1_127' title='bbox 1031 3516 1133 3572; x_wconf 79' lang='lat' dir='ltr'><strong>servo,</strong></span> 
     </span>
     <span class='ocr_line' id='line_1_22' title="bbox 80 3587 1135 3665; baseline 0.003 -20"><span class='ocrx_word' id='word_1_128' title='bbox 80 3590 121 3663; x_wconf 89' lang='lat' dir='ltr'><strong>qui</strong></span> <span class='ocrx_word' id='word_1_129' title='bbox 130 3590 226 3647; x_wconf 79' lang='lat' dir='ltr'><strong>lambit</strong></span> <span class='ocrx_word' id='word_1_130' title='bbox 237 3600 350 3647; x_wconf 78' lang='lat' dir='ltr'><strong>mutum</strong></span> <span class='ocrx_word' id='word_1_131' title='bbox 359 3591 500 3657; x_wconf 83' lang='lat' dir='ltr'><strong>crustula,</strong></span> <span class='ocrx_word' id='word_1_132' title='bbox 511 3590 647 3665; x_wconf 81' lang='lat' dir='ltr'><strong>colaphos</strong></span> <span class='ocrx_word' id='word_1_133' title='bbox 658 3588 855 3663; x_wconf 75' lang='lat' dir='ltr'><strong>impingimus.</strong></span> <span class='ocrx_word' id='word_1_134' title='bbox 865 3588 932 3642; x_wconf 80' lang='lat' dir='ltr'><strong>Non</strong></span> <span class='ocrx_word' id='word_1_135' title='bbox 942 3587 1052 3645; x_wconf 77' lang='lat' dir='ltr'><strong>hectun</strong></span> <span class='ocrx_word' id='word_1_136' title='bbox 1061 3590 1135 3650; x_wconf 78' lang='lat' dir='ltr'><strong>facie</strong></span> 
     </span>
     <span class='ocr_line' id='line_1_23' title="bbox 80 3678 1135 3757; baseline 0.001 -20"><span class='ocrx_word' id='word_1_137' title='bbox 80 3682 260 3739; x_wconf 77' lang='lat' dir='ltr'><strong>miserabilior</strong></span> <span class='ocrx_word' id='word_1_138' title='bbox 278 3681 334 3737; x_wconf 79' lang='lat' dir='ltr'><strong>fuit</strong></span> <span class='ocrx_word' id='word_1_139' title='bbox 347 3680 516 3756; x_wconf 82' lang='lat' dir='ltr'><strong>Crepereius</strong></span> <span class='ocrx_word' id='word_1_140' title='bbox 531 3681 639 3751; x_wconf 85' lang='lat' dir='ltr'><strong>Pollio,</strong></span> <span class='ocrx_word' id='word_1_141' title='bbox 654 3698 745 3755; x_wconf 88' lang='lat' dir='ltr'><strong>quum</strong></span> <span class='ocrx_word' id='word_1_142' title='bbox 759 3678 845 3734; x_wconf 72' lang='lat' dir='ltr'><strong>anxie</strong></span> <span class='ocrx_word' id='word_1_143' title='bbox 857 3678 1026 3752; x_wconf 73' lang='lat' dir='ltr'><strong>quaeritans,</strong></span> <span class='ocrx_word' id='word_1_144' title='bbox 1042 3702 1059 3738; x_wconf 82' lang='lat' dir='ltr'><strong>a</strong></span> <span class='ocrx_word' id='word_1_145' title='bbox 1075 3702 1135 3757; x_wconf 88' lang='lat' dir='ltr'><strong>qno</strong></span> 
     </span>
     <span class='ocr_line' id='line_1_24' title="bbox 79 3771 1134 3849; baseline 0 -20"><span class='ocrx_word' id='word_1_146' title='bbox 79 3772 217 3845; x_wconf 85' lang='lat' dir='ltr'><strong>pecuniam</strong></span> <span class='ocrx_word' id='word_1_147' title='bbox 231 3782 424 3843; x_wconf 79' lang='lat' dir='ltr'><strong>mutuaretur,</strong></span> <span class='ocrx_word' id='word_1_148' title='bbox 433 3774 637 3849; x_wconf 82' lang='lat' dir='ltr'><strong>pollicitusque</strong></span> <span class='ocrx_word' id='word_1_149' title='bbox 651 3790 769 3829; x_wconf 80' lang='lat' dir='ltr'><strong>usuram</strong></span> <span class='ocrx_word' id='word_1_150' title='bbox 781 3771 870 3845; x_wconf 83' lang='lat' dir='ltr'><strong>triplo</strong></span> <span class='ocrx_word' id='word_1_151' title='bbox 885 3771 1024 3845; x_wconf 78' lang='lat' dir='ltr'><strong>majorem</strong></span> <span class='ocrx_word' id='word_1_152' title='bbox 1035 3776 1134 3847; x_wconf 82' lang='lat' dir='ltr'><strong>solita,</strong></span> 
     </span>
     <span class='ocr_line' id='line_1_25' title="bbox 78 3864 1161 3941; baseline 0.005 -22"><span class='ocrx_word' id='word_1_153' title='bbox 78 3865 212 3921; x_wconf 87' lang='lat' dir='ltr'><strong>neminem</strong></span> <span class='ocrx_word' id='word_1_154' title='bbox 226 3878 321 3923; x_wconf 87' lang='lat' dir='ltr'><strong>tamen</strong></span> <span class='ocrx_word' id='word_1_155' title='bbox 334 3866 441 3940; x_wconf 83' lang='lat' dir='ltr'><strong>reperit</strong></span> <span class='ocrx_word' id='word_1_156' title='bbox 448 3867 523 3923; x_wconf 80' lang='lat' dir='ltr'><strong>adeo</strong></span> <span class='ocrx_word' id='word_1_157' title='bbox 533 3866 652 3923; x_wconf 87' lang='lat' dir='ltr'><strong>stultum</strong></span> <span class='ocrx_word' id='word_1_158' title='bbox 661 3908 671 3936; x_wconf 95' lang='lat'><strong>,</strong></span> <span class='ocrx_word' id='word_1_159' title='bbox 681 3876 716 3921; x_wconf 87' lang='lat' dir='ltr'><strong>nt</strong></span> <span class='ocrx_word' id='word_1_160' title='bbox 723 3864 777 3940; x_wconf 82' lang='lat' dir='ltr'><strong>ipsi</strong></span> <span class='ocrx_word' id='word_1_161' title='bbox 788 3883 850 3920; x_wconf 91' lang='lat' dir='ltr'><strong>non</strong></span> <span class='ocrx_word' id='word_1_162' title='bbox 857 3865 990 3922; x_wconf 84' lang='lat' dir='ltr'><strong>solutmo</strong></span> <span class='ocrx_word' id='word_1_163' title='bbox 999 3886 1135 3925; x_wconf 87' lang='lat' dir='ltr'><strong>nummos</strong></span> <span class='ocrx_word' id='word_1_164' title='bbox 1158 3937 1161 3941; x_wconf 19' lang='grc' dir='ltr'>ι</span> 
     </span>
     <span class='ocr_line' id='line_1_26' title="bbox 78 3954 1134 4035; baseline 0.005 -25"><span class='ocrx_word' id='word_1_165' title='bbox 78 3954 138 4013; x_wconf 80' lang='lat' dir='ltr'><strong>dare</strong></span> <span class='ocrx_word' id='word_1_166' title='bbox 151 3968 265 4016; x_wconf 86' lang='lat' dir='ltr'><strong>mutuos</strong></span> <span class='ocrx_word' id='word_1_167' title='bbox 279 3957 359 4030; x_wconf 76' lang='lat' dir='ltr'><strong>velit.</strong></span> <span class='ocrx_word' id='word_1_168' title='bbox 375 3956 462 4014; x_wconf 88' lang='lat' dir='ltr'><strong>Unde</strong></span> <span class='ocrx_word' id='word_1_169' title='bbox 475 3958 529 4014; x_wconf 90' lang='lat' dir='ltr'><strong>tibi</strong></span> <span class='ocrx_word' id='word_1_170' title='bbox 543 3969 588 4015; x_wconf 90' lang='lat' dir='ltr'><strong>tot</strong></span> <span class='ocrx_word' id='word_1_171' title='bbox 602 3966 680 4035; x_wconf 79' lang='lat' dir='ltr'><strong>nugas</strong></span> <span class='ocrx_word' id='word_1_172' title='bbox 695 3967 816 4031; x_wconf 84' lang='lat' dir='ltr'><strong>repente</strong></span> <span class='ocrx_word' id='word_1_173' title='bbox 826 3959 987 4014; x_wconf 78' lang='lat' dir='ltr'><strong>venerunt?</strong></span> <span class='ocrx_word' id='word_1_174' title='bbox 998 3960 1134 4015; x_wconf 76' lang='lat' dir='ltr'><strong>hactenus</strong></span> 
     </span>
     <span class='ocr_line' id='line_1_27' title="bbox 76 4048 1136 4126; baseline -0.004 -21"><span class='ocrx_word' id='word_1_175' title='bbox 76 4049 186 4122; x_wconf 86' lang='lat' dir='ltr'><strong>quidem</strong></span> <span class='ocrx_word' id='word_1_176' title='bbox 208 4070 298 4125; x_wconf 77' lang='lat' dir='ltr'><strong>parvo</strong></span> <span class='ocrx_word' id='word_1_177' title='bbox 318 4060 468 4107; x_wconf 84' lang='lat' dir='ltr'><strong>contentus</strong></span> <span class='ocrx_word' id='word_1_178' title='bbox 485 4070 607 4107; x_wconf 79' lang='lat' dir='ltr'><strong>vernum</strong></span> <span class='ocrx_word' id='word_1_179' title='bbox 627 4050 754 4126; x_wconf 83' lang='lat' dir='ltr'><strong>equitem</strong></span> <span class='ocrx_word' id='word_1_180' title='bbox 769 4048 941 4114; x_wconf 83' lang='lat' dir='ltr'><strong>exhibebas,</strong></span> <span class='ocrx_word' id='word_1_181' title='bbox 957 4060 986 4105; x_wconf 87' lang='lat' dir='ltr'><strong>et</strong></span> <span class='ocrx_word' id='word_1_182' title='bbox 1002 4048 1136 4107; x_wconf 74' lang='lat' dir='ltr'><strong>convivia</strong></span> 
     </span>
    </p>
   </div>
   <div class='ocr_carea' id='block_1_9' title="bbox 75 4136 1134 4289">
    <p class='ocr_par' dir='ltr' id='par_1_16' title="bbox 75 4136 1134 4289">
     <span class='ocr_line' id='line_1_28' title="bbox 75 4136 1134 4219; baseline -0.002 -21"><span class='ocrx_word' id='word_1_183' title='bbox 75 4140 140 4211; x_wconf 82' lang='lat' dir='ltr'><strong>jocis</strong></span> <span class='ocrx_word' id='word_1_184' title='bbox 150 4142 352 4200; x_wconf 84' lang='lat' dir='ltr'><strong>mordentibus</strong></span> <span class='ocrx_word' id='word_1_185' title='bbox 361 4140 516 4219; x_wconf 76' lang='lat' dir='ltr'><strong>iunctisque</strong></span> <span class='ocrx_word' id='word_1_186' title='bbox 525 4144 631 4201; x_wconf 77' lang='lat' dir='ltr'><strong>salibus</strong></span> <span class='ocrx_word' id='word_1_187' title='bbox 639 4144 716 4199; x_wconf 85' lang='lat' dir='ltr'><strong>intra</strong></span> <span class='ocrx_word' id='word_1_188' title='bbox 724 4143 824 4199; x_wconf 73' lang='lat' dir='ltr'><strong>Roma</strong></span> <span class='ocrx_word' id='word_1_189' title='bbox 832 4136 935 4197; x_wconf 82' lang='lat' dir='ltr'><strong>moenia</strong></span> <span class='ocrx_word' id='word_1_190' title='bbox 944 4138 1031 4207; x_wconf 82' lang='lat' dir='ltr'><strong>natis,</strong></span> <span class='ocrx_word' id='word_1_191' title='bbox 1041 4138 1072 4193; x_wconf 87' lang='lat' dir='ltr'><strong>id</strong></span> <span class='ocrx_word' id='word_1_192' title='bbox 1079 4151 1134 4212; x_wconf 87' lang='lat' dir='ltr'><strong>est,</strong></span> 
     </span>
     <span class='ocr_line' id='line_1_29' title="bbox 963 4248 992 4289; baseline 0.069 -2"><span class='ocrx_word' id='word_1_193' title='bbox 963 4248 992 4289; x_wconf 91' lang='lat' dir='ltr'><strong>r.</strong></span> 
     </span>
    </p>
   </div>
   <div class='ocr_carea' id='block_1_10' title="bbox 0 0 1396 4917">
    <p class='ocr_par' dir='ltr' id='par_1_17' title="bbox 0 0 1396 4917">
     <span class='ocr_line' id='line_1_30' title="bbox 0 0 1396 4917; baseline 0 4"><span class='ocrx_word' id='word_1_194' title='bbox 0 0 1396 4917; x_wconf 95' lang='lat' dir='ltr'><strong> </strong></span> 
     </span>
    </p>
   </div>
  </div>
 </body>
</html>
