2784 4917
234 368 276 437 56
511 372 552 437 n.
579 369 717 435 sunu
743 318 1028 435 invenitis

234 487 359 553 Panem
373 500 406 553 et
419 486 600 555 Circenses.
615 524 664 537 -
674 485 848 553 Perituros
861 484 961 553 audio
976 482 1109 555 multos.

234 591 354 663 -Nil
371 592 529 681 dubium,
543 616 665 687 magna
682 608 734 661 est
749 591 924 664 fornacula
941 619 950 661 ε
967 592 1149 688 pallidulus
1162 593 1209 663 mi

235 701 407 771 Brutidius
422 726 517 771 meus
529 701 572 770 ad
585 701 705 769 Martis
719 700 785 770 fuit
797 702 916 771 obvius
929 727 1032 772 aram.

234 813 347 902 Quam
364 813 483 899 timeo,
500 814 609 881 victus
628 836 671 880 ne
689 836 804 907 poenas
822 812 1052 909 exigat'Ajax‚

237 924 286 993 Ut
304 921 390 993 mule
404 918 574 993 defensus!
593 946 769 991 curramus
787 923 994 1016 praecipites,
1010 939 1059 1009 et,
1276 934 1312 988 85

235 1036 326 1105 Dum
336 1034 425 1127 jacet
438 1034 472 1102 in
486 1033 576 1127 ripa,
591 1032 755 1103 calcemus
767 1033 908 1103 Caesaris
920 1033 1063 1103 hostem.

236 1146 303 1216 Sed
318 1147 455 1215 videant
470 1146 575 1231 servi,
590 1171 633 1213 ne
648 1147 723 1241 quis
738 1160 850 1240 neget,
867 1159 902 1212 et
914 1142 1074 1237 pavidum
1091 1145 1125 1211 in
1138 1143 1195 1234 jus

236 1257 379 1328 Cervicc
397 1256 557 1325 obstricta
571 1255 748 1325 dominum
761 1256 883 1325 trahat.
898 1296 944 1307 -
963 1257 1009 1323 Hi
1023 1280 1195 1325 sermones

236 1368 334 1435 Tunc
351 1364 396 1433 de
411 1364 552 1459 sejano,
571 1380 701 1435 secreta
716 1366 789 1435 haec
807 1389 983 1434 murmura
1001 1363 1107 1459 vulgi.

284 1474 389 1543 Visne
405 1472 557 1561 salutari,
574 1475 661 1545 sicut
676 1474 816 1567 Sejanin
826 1472 842 1542 i·
853 1473 977 1542 habere
1277 1503 1312 1551 90

237 1583 480 1672 Tantumdem‚
495 1599 595 1678 atque
609 1582 656 1653 ilii
672 1608 820 1653 summas
834 1582 964 1652 donare
977 1581 1126 1669 curules,

186 1696 192 1701 ”
238 1692 338 1763 Illum
354 1694 551 1765 exercitibus
567 1692 785 1788 praeponere?
801 1707 894 1762 tutor
909 1692 1027 1761 haberi

237 1804 403 1899 Principis
418 1818 558 1897 angusta
572 1806 780 1897 Caprearum
794 1802 829 1870 in
845 1826 930 1896 rupe
945 1801 1089 1871 sedentis

238 1914 324 1983 Cum
338 1937 440 2008 grege
454 1910 633 1983 Chaldaeo?
650 1911 711 1979 Vis
727 1925 817 1981 certe
831 1908 913 2005 pila,
928 1910 1100 1993 cohortes,

237 2022 397 2117 Egregios
412 2020 539 2125 equites
552 2035 586 2089 et
602 2035 711 2089 castra
723 2020 917 2089 domestica.
931 2018 1061 2107 Quidni
1279 2033 1313 2099 φ

238 2134 320 2202 Haec
330 2128 463 2225 cupias?
473 2144 525 2215 et,
537 2129 596 2225 qui
610 2128 732 2198 nolunt
744 2128 897 2201 occidere
911 2152 1130 2222 quemquam,

240 2358 540 2421 sinuandis—uana
550 2371 593 2417 est
601 2360 935 2437 plurimosinterfectum
945 2360 996 2431 iri3
1004 2357 1316 2434 quidcensssi-Nul-

239 2458 299 2513 lum
309 2464 353 2511 est
363 2452 485 2510 dubium
496 2474 505 2515 ιῚ
517 2451 635 2513 exardet
648 2452 751 2529 iugens
764 2454 929 2523 fornacula,
945 2472 1003 2527 qua
1015 2440 1315 2507 multi'absumentnr,

240 2548 316 2605 Mihi
327 2546 417 2604 ruodo
429 2546 578 2605 Brutidius
586 2545 694 2605 amicus
704 2564 785 2603 meus
794 2546 923 2603 occurrit
932 2565 1025 2622 prope
1032 2544 1135 2601 Martis
1143 2543 1246 2601 fanum
1254 2544 1315 2620 pal-

240 2639 316 2695 lidus
331 2658 363 2695 ac
378 2649 458 2695 metu
472 2640 628 2713 percidsus.
646 2638 742 2708 Quam
754 2656 868 2708 vereor,
882 2658 919 2695 ue
932 2637 1083 2704 Tiberius,
1096 2636 1189 2692 instar
1201 2636 1316 2711 Aiacis,

241 2729 405 2805 promiscue
416 2730 447 2784 in
459 2747 557 2786 omnes
569 2728 718 2800 desaeviat,
730 2730 856 2805 segniter
866 2749 897 2786 se
907 2750 923 2785 a
933 2730 1071 2787 Romanis
1081 2729 1232 2787 aetem
1244 2748 1317 2787 cou-

241 2833 285 2878 tra
301 2819 399 2893 Sejani
411 2831 530 2876 conatus
551 2818 675 2877 nefarios
690 2818 839 2878 dictim!
855 2824 1047 2896 Properemue
1059 2821 1129 2877 hinc
1146 2821 1268 2894 dnum,
1288 2832 1317 2877 et

241 2914 354 2969 hostem
368 2910 493 2978 Tiberii,
511 2910 582 2967 dum
597 2910 691 2967 adhuc
705 2910 738 2966 in
752 2911 815 2986 ripn
828 2912 942 2969 Tiberis
957 2912 1117 2987 insepultus
1130 2913 1225 2987 jacet,
1243 2934 1316 2990 pro-

195 3064 197 3069 ,
242 3017 387 3062 teramus:
401 3000 453 3057 sed
470 3000 510 3057 ita
528 3011 636 3071 tamen,
659 3012 692 3057 ut
712 3002 807 3059 nostri
822 3022 877 3060 uos
894 3005 971 3062 servi
992 3005 1166 3079 adspiciunt,
1187 3025 1229 3063 ne
1253 3005 1318 3083 quis

242 3098 372 3173 ipsorum
384 3093 518 3167 sejanum
530 3092 640 3151 anobis
652 3094 791 3150 calcatum
804 3114 864 3152 esse
875 3107 975 3173 neget,
988 3116 1021 3153 ac
1036 3096 1188 3153 dominum
1198 3109 1317 3155 accuset

242 3188 321 3265 apud
336 3188 557 3262 imperatorem
573 3196 623 3245 aut
637 3186 828 3259 pavitantem,
843 3187 950 3261 injecto
964 3188 1070 3245 cervici
1082 3189 1200 3264 laqueo,
1216 3190 1257 3246 ad
1267 3190 1316 3264 ju·

243 3282 320 3340 dices
334 3278 378 3336 ire
389 3277 643 3352 compellat-Ea
658 3288 727 3335 tuuc
739 3278 776 3335 de
789 3278 894 3353 sejano
909 3281 997 3349 clam,
1007 3281 1116 3354 mlum,
1132 3280 1314 3339 dicebantur.

283 3392 332 3450 90.
353 3372 417 3427 Juru
430 3380 457 3425 te
470 3368 603 3439 consulo,
617 3387 764 3446 rogoque,
778 3390 851 3427 num
863 3382 898 3427 tu
906 3370 1073 3427 honorificis
1083 3371 1319 3431 illisuomiuibus

244 3462 384 3543 appellari
397 3460 480 3529 velis,
498 3459 603 3535 quibus
620 3461 739 3535 Sejanus
751 3462 946 3519 salutabatur?
961 3473 1052 3519 tanus
1067 3482 1136 3538 opes
1151 3464 1315 3538 possidere,

245 3568 365 3632 quantas
373 3554 423 3611 ilie
431 3552 573 3609 habebat?
586 3552 648 3609 aliis
660 3553 729 3611 dare
736 3552 784 3627 jus
794 3552 920 3610 &rendae
929 3553 1037 3610 curulis
1048 3554 1144 3611 sellae?
1156 3556 1219 3613 aliis
1233 3577 1317 3615 exer·

246 3647 356 3705 cituum
374 3646 559 3721 praefecturas
575 3643 696 3720 largiri?
718 3662 818 3720 gerere
836 3643 916 3719 quasi
936 3647 1054 3701 tutelam
1070 3646 1268 3721 imperatoris,
1286 3650 1314 3704 in

246 3738 380 3814 Capreis,
394 3734 516 3793 obscura
531 3747 559 3793 et
574 3736 726 3811 scopulosa
739 3736 845 3809 meula,
862 3737 1068 3809 delitescentis,
1086 3750 1173 3813 atque
1190 3745 1315 3799 astrolo-

245 3850 350 3909 gorum
361 3826 447 3884 turba
457 3828 574 3903 stipati?
583 3828 726 3903 Equidem
736 3848 798 3885 nou
806 3829 920 3901 dubito,
927 3832 1000 3906 quin
1009 3831 1148 3908 gauderes
1157 3832 1314 3892 admodum

244 3922 415 4001 praefectura
431 3919 560 3974 cohortis
571 3920 766 3992 praetorianae,
781 3932 811 3977 et
824 3922 1003 3979 delectorum
1016 3924 1160 3999 equitum,
1173 3927 1272 3999 quales
1283 3927 1313 3981 iu

243 4013 362 4077 urbanis
371 4008 470 4077 castris
482 4010 520 4067 nd
528 4021 632 4067 nutum
643 4031 757 4086 semper
764 4015 915 4089 expeditos
924 4015 1049 4072 habebat
1059 4015 1178 4089 Sejanus
1188 4038 1196 4073 ε
1206 4030 1237 4075 et
1245 4037 1313 4076 vero

245 4110 317 4187 quid
329 4123 418 4167 causac
431 4114 516 4175 esset,
528 4122 580 4161 cur
594 4122 654 4161 non
666 4105 744 4162 hunc
757 4108 900 4166 honorem
912 4108 1053 4166 ambires?
1065 4108 1137 4179 Quis
1149 4128 1209 4168 uon
1222 4111 1314 4167 liben-
