2784 4917
270 368 452 434 samia
474 371 671 440 DECIMA
692 373 897 460 QUINTA.
1056 377 1121 466 377

53 482 402 579 Circumscriptorem,
420 487 517 581 cujus
530 490 703 559 manantia
720 489 804 559 lletu

54 593 114 660 Ora
126 592 292 688 puellares
304 594 437 667 faciunt
451 598 580 668 incerta
592 597 715 694 capilli.

53 702 179 772 Naturae
191 705 339 799 imperio
352 707 535 802 gemimus,
549 731 655 802 quum
669 707 773 794 funus
788 705 911 778 adultae

53 811 191 906 Virginis
207 816 376 904 occurrit,
395 814 450 886 vel
466 831 559 886 terra
571 813 741 886 clauditur
754 816 867 886 infans

54 923 93 990 Et
101 922 208 992 minor
219 924 299 1020 igne
311 926 386 1020 rogi
401 953 410 995 τ
423 927 499 1020 quis
513 928 605 997 enirn
616 927 727 997 bonus
741 942 775 997 et
786 927 857 998 laoe
868 927 990 1024 dignus
1073 957 1122 1006 rao

54 1035 189 1123 Arcana,
206 1034 343 1130 qualem
357 1039 490 1110 Cereris
500 1037 574 1108 vult
588 1063 659 1108 esse
669 1038 842 1125 sacerdos,

56 1142 123 1213 Ulla
134 1143 244 1215 aliena
258 1147 324 1216 sibi
338 1147 455 1218 credat
469 1147 578 1219 mala?
592 1163 725 1244 separat
736 1149 804 1218 hoc
817 1172 880 1219 nos

55 1255 79 1321 A
92 1279 184 1350 grege
197 1271 395 1329 mutorum:
414 1275 517 1355 atque
529 1259 606 1328 ideo
618 1256 811 1328 venerabile
825 1255 888 1328 soli

55 1364 156 1434 sortiti
170 1367 365 1462 ingenium,
381 1369 647 1463 divinorumque
662 1391 818 1462 capuces,

56 1476 153 1567 Atque
166 1479 366 1549 exercendis
383 1480 629 1576 capiendisque
646 1479 776 1548 artibus
789 1479 859 1574 apti
1075 1469 1123 1554 1⁴3

59 1583 186 1654 Sensum
204 1610 226 1655 a
243 1587 367 1659 caelesti
385 1588 568 1658 demissum
586 1588 751 1688 traximus*
766 1612 861 1674 arce,

59 1692 148 1784 Cujus
164 1713 266 1791 egent
283 1722 394 1792 prona
409 1714 446 1768 et
460 1713 587 1768 terram
603 1699 801 1794 spectantia.
817 1695 944 1768 Mundi

60 1803 216 1900 Principio
232 1806 379 1878 indulsit
393 1809 583 1879 communis
599 1807 758 1879 conditor
771 1806 836 1877 illis

61 1912 189 1984 Tantum
203 1917 353 2005 animas,
368 1918 468 1987 nobis
483 1920 636 1988 animum
651 1942 803 2014 quoque,
817 1931 957 1988 mutuus
972 1931 1008 1988 ut
1022 1943 1084 1987 nos

61 2022 196 2095 Allectus
210 2043 329 2122 petere
343 2027 506 2098 auxilium
524 2043 561 2100 et
575 2043 736 2125 praestare
750 2028 905 2123 juberet,
1069 2041 1123 2098 '150

62 2133 219 2228 Dispersus
234 2139 372 2208 trahere
387 2138 423 2207 in
436 2137 622 2233 populum,
637 2138 787 2233 migrare
801 2139 937 2206 vetusto
968 2159 971 2167 ·

62 2240 105 2308 Ile
120 2267 254 2314 nemore
270 2259 307 2316 et
319 2246 456 2340 proavis
471 2247 638 2318 habitatas
655 2246 811 2342 linquere
826 2244 943 2332 silvas;

62 2480 157 2553 ludices
169 2493 335 2553 sordidatus
350 2495 428 2573 agit:
449 2497 537 2555 docet
548 2495 658 2556 deflere
670 2496 857 2555 calamitatem
869 2493 974 2572 pupilli
992 2493 1125 2552 vocantis

63 2571 141 2649 lfll¹¹⁸
159 2583 304 2656 perfidum
320 2597 466 2659 tutorem,
485 2588 566 2663 cujus
581 2589 684 2648 faciem
701 2589 836 2666 lacrymis
853 2587 1018 2645 madentem
1031 2587 1127 2644 crines

63 2662 179 2744 ¹⁰¹¹glna,
190 2687 224 2733 ut
233 2678 339 2753 puella
352 2689 475 2754 gerunt.
485 2679 622 2756 promissi
632 2681 819 2759 perturbant⁸
835 2679 875 2738 ita
886 2690 920 2736 nt
930 2698 996 2737 euru
1007 2697 1070 2736 non
1081 2679 1126 2742 laf-

64 2757 108 2814 (ὓο
116 2778 256 2839 tguoam.
270 2770 353 2826 Facit
368 2771 470 2828 eadem
480 2783 592 2830 naturae
601 2773 663 2845 ris,
675 2784 710 2829 nt
721 2772 753 2828 in
768 2770 871 2829 fletum
883 2789 1122 2846 prorumpamus,

65 2857 291 2934 lumdrginem
298 2861 453 2925 imminu
463 2875 560 2922 morte
572 2875 685 2941 raptam
694 2862 804 2921 deferri
811 2861 944 2920 videmus
954 2862 992 2919 ad
1002 2881 1125 2940 rogum,

65 2958 140 3014 (lm
151 2949 291 3013 infantem
305 2967 382 3026 terra
396 2956 524 3031 sepeliri,
541 2956 593 3033 qui
607 2958 707 3015 minor
721 2966 777 3026 eat,
791 2974 879 3031 quam
892 2965 927 3012 ut
939 2973 1014 3032 rogo
1027 2954 1125 3031 impo-

65 3046 171 3099 fflmttt
179 3059 333 3107 cremam.
344 3049 418 3119 Quis
426 3049 505 3106 enim
510 3049 558 3106 vir
566 3051 686 3125 probus,
696 3067 730 3107 ac
740 3046 904 3124 dignusqui
915 3045 1019 3108 udam
1028 3057 1122 3124 gestet

66 3124 209 3195 iucem
225 3141 314 3213 sacris
336 3141 470 3213 umetis,
489 3143 607 3217 qualem
624 3140 798 3198 initiandum
814 3139 878 3196 vult
896 3137 1010 3197 Cereris
1027 3155 1125 3202 mcer-

67 3215 122 3292 d⁰⁸2
137 3227 214 3300 qula,
229 3231 368 3308 inquam,
385 3232 432 3289 vir
446 3234 558 3309 probus
575 3235 730 3291 humanam
747 3231 938 3293 calamitatem
954 3233 1045 3289 ullam
1063 3251 1126 3291 uon

67 3323 135 3380 putat
144 3320 181 3375 td
192 3340 223 3382 ae
233 3323 334 3399 aliquo
347 3325 438 3382 modo
451 3326 620 3402 pertinere?
634 3328 699 3383 Hoc
712 3323 907 3399 discrepamus
924 3343 941 3379 a
956 3333 1039 3380 muto
1058 3322 1124 3380 ani-

68 3405 168 3476 mlimn
182 3431 279 3491 grege,
294 3419 332 3472 Et
343 3435 416 3478 vero
435 3417 491 3474 soli
505 3428 633 3475 mentem
651 3417 779 3473 numinis
792 3413 935 3472 beneficio
951 3416 1125 3490 consequuti

69 3510 150 3565 Qut
159 3509 339 3581 tanchmari,
352 3508 566 3579 admirabilem,
582 3521 613 3565 ct
624 3509 712 3566 rebus
724 3508 831 3565 divinis
839 3505 987 3582 capiendis
999 3525 1060 3564 non
1070 3507 1124 3564 mi-

68 3602 123 3662 ¹²⁰⁵³
133 3613 214 3668 quam
223 3602 422 3680 excogitandis
433 3601 635 3676 poliendisque
644 3601 756 3657 artibus
764 3599 909 3657 idoneam.
920 3600 1002 3655 Hanc
1012 3598 1049 3657 ab
1058 3595 1135 3676 ipsol

69 3681 126 3737 “lo
136 3686 246 3750 ducum
260 3695 420 3764 hausimus,
442 3694 513 3751 dum
528 3693 621 3750 brutis
631 3691 827 3749 animantibus
840 3690 872 3746 iu
886 3691 1007 3746 humum
1023 3693 1124 3766 pronis

69 3787 188 3851 Qut,
205 3787 312 3861 quibus
329 3787 469 3846 nimirum
483 3786 564 3845 orbis
577 3784 744 3861 primordio
759 3803 775 3840 a
791 3787 929 3843 Creatore
944 3786 1047 3844 mnndi
1063 3787 1124 3844 sola

70 3859 123 3922 ³³¹³
138 3885 177 3930 est
192 3879 286 3938 anima
302 3879 447 3938 sentiendi
467 3891 497 3938 et
513 3877 669 3957 vegetandi
686 3875 748 3933 rim
768 3877 892 3949 habens,
910 3877 997 3936 nobis
1011 3879 1123 3936 animus

69 3955 140 4016 ‘5²¹⁰
155 3966 346 4049 intelligentia·⁴
365 3972 545 4046 rationisque
564 3989 667 4046 capax,
690 3981 726 4027 ut
745 3983 845 4030 mutua
864 3970 976 4030 incitati
992 3971 1122 4030 benevo-

71 4042 143 4109 ¹‘¹¹¹l¹
156 4075 237 4134 ⁰pem
252 4076 283 4124 ct
299 4085 419 4142 operam
431 4066 469 4121 ab
485 4063 550 4121 aliis
563 4063 776 4140 flagitamus,
791 4062 981 4139 eamdemque
997 4063 1054 4120 illis
1070 4082 1124 4119 aa·

72 4152 199 4224 lmmi
217 4168 250 4214 ut
268 4159 397 4236 dissipati
414 4170 519 4233 antea,
542 4156 721 4219 inuisitatas
739 4155 960 4233 colligeremus,
980 4166 1010 4215 et
1027 4155 1123 4247 siliis¹
