2784 4917
297 369 360 448 304
495 311 499 318 ‘
569 368 610 430 D.
639 363 778 430 JUNII
805 361 1088 433 IUVENALIS

295 487 368 556 Nec
385 482 483 554 vultu
501 481 650 568 dederit,
667 503 801 548 morum
818 503 951 573 quoque
967 477 1072 566 filius,
1089 480 1191 573 etqui

292 595 419 664 Omnia
436 593 583 663 deterius
597 605 655 660 tua
670 613 733 684 per
746 588 890 684 vestigia
903 603 1035 682 peccet,

294 704 467 799 Corripies
481 701 659 785 nimirum,
677 712 713 766 et
728 697 903 792 castigabis
919 699 1037 768 acerbo

295 810 468 898 Clamore,
486 835 527 880 ac
542 823 618 904 post
635 807 709 876 haec
726 804 856 876 tabulas
872 821 1004 876 mutare
1023 805 1166 902 parabis.
1328 815 1361 866 su

176 1001 180 1012 ‚
295 922 397 992 Unde
410 922 470 992 tibi
482 918 630 988 frontem
643 915 896 1008 libertatemque
910 915 1074 1010 parentis,

295 1032 412 1121 Quum
426 1029 527 1098 socias
538 1027 656 1122 pejora
668 1049 784 1112 senex,
803 1049 1017 1119 vacuumque
1030 1023 1170 1093 cerebro

295 1144 371 1210 Jam
385 1137 517 1234 pridem
534 1150 639 1231 caput
653 1134 721 1204 hoc
734 1147 875 1204 ventosa
891 1133 1068 1204 cucurbita
1084 1129 1237 1226 quaerat?

342 1248 484 1342 Hospite
500 1259 662 1334 venurro,
681 1243 822 1314 cessabit
837 1265 936 1312 nemo
953 1257 1100 1312 tuorum.
1360 1315 1361 1338 ἶ

294 1360 401 1428 Verre
414 1357 667 1452 pavimentum
686 1353 809 1422 nitidas
828 1351 967 1424 ostende
983 1352 1179 1439 columnas;
1235 1441 1237 1446 ,
1329 1339 1361 1412 5„ss

294 1467 401 1540 Arida
415 1493 494 1538 cum
506 1481 579 1536 tota
594 1463 773 1534 descendat
787 1487 909 1532 aranea
924 1461 1007 1550 tela,

295 1578 361 1647 Hic
378 1575 452 1645 leve
467 1588 665 1670 argentum3
684 1597 761 1642 vasa
778 1596 897 1667 aspera
913 1585 1039 1668 tergeat
1051 1569 1155 1658 alter;

294 1689 371 1755 Vox
382 1685 515 1755 domini
526 1683 610 1754 furit
621 1683 776 1753 instantis
788 1683 984 1778 virgamque
997 1681 1155 1752 tenentis.

295 1798 389 1890 Ergo
408 1794 511 1862 miser
524 1791 688 1888 trepidas,
707 1816 752 1860 ne
767 1807 914 1862 stercore
921 1791 1016 1862 -foeda
1029 1792 1151 1862 canino
1360 1879 1361 1890 ἵ

294 1905 389 1974 Atria
401 1901 596 1998 displiceant
609 1901 718 1972 oculis
732 1903 895 1971 venientis
907 1903 1021 1989 amici,
1326 1897 1361 1960 65ἰ

295 2015 330 2084 N
331 2038 350 2081 c
361 2010 497 2107 perlusa
512 2008 583 2079 luto
596 2010 640 2078 sit
650 2007 821 2104 porticus,
834 2023 867 2078 et
880 2025 994 2078 tamen
1008 2033 1077 2080 uno

295 2121 451 2193 semodio
467 2120 576 2189 scobis
593 2118 667 2189 brec
683 2118 844 2188 emundat
859 2117 1010 2190 servulus
1027 2143 1125 2189 uuus.

296 2228 383 2300 Illud
396 2255 468 2298 non
479 2229 602 2325 agitas,
623 2243 661 2298 ut
679 2243 829 2298 sanctam
845 2227 933 2298 filius
951 2229 1043 2296 omni

298 2339 470 2436 Adspiciat
486 2339 556 2408 sine
571 2337 646 2407 labe
664 2336 820 2423 domum,
837 2336 986 2430 vitioque
1004 2335 1198 2406 carentem?

298 2544 404 2603 merito
426 2543 641 2622 castigarum,
656 2561 711 2600 uec
734 2542 778 2598 tui
792 2541 932 2600 duntaxat
954 2541 1014 2599 oris
1034 2543 1209 2600 lineamenta
1226 2557 1352 2618 expresse

299 2637 354 2709 rit,
375 2635 427 2694 sed
443 2655 559 2693 morum
571 2635 674 2702 etiam,
689 2645 721 2691 et
734 2632 928 2709 improbitatis
941 2635 1068 2710 pateinae
1087 2635 1167 2708 quasi
1181 2633 1258 2692 filius
1271 2629 1361 2694 faeda

301 2747 391 2802 quum
404 2728 511 2786 scelera
525 2737 575 2783 tua
585 2725 711 2783 fideliter
722 2724 863 2797 imitatus,
878 2745 911 2783 ea
922 2724 1037 2802 flagitiis
1047 2726 1105 2783 suis
1116 2726 1213 2785 adbuc
1226 2725 1361 2803 pejoribus*

299 2818 503 2889 cumulaverit,
515 2817 598 2874 illum
609 2817 717 2874 scilicet
730 2817 924 2892 reprehendes
930 2857 940 2888 ,
957 2826 986 2873 et
999 2817 1097 2874 verbis
1112 2819 1262 2876 atrocibus
1276 2817 1352 2872 inne

297 2908 390 2984 pubis,
401 2909 472 2984 quin
482 2909 570 2965 etiam
578 2909 741 2967 hereditate
750 2909 874 2984 spoliare
883 2909 1050 2966 constitues.
1059 2909 1147 2966 Unde
1161 2911 1215 2967 tibi
1225 2905 1351 2985 arrogabit

298 3003 425 3060 frontem
445 3001 534 3078 patris
554 3013 584 3060 et
603 3003 683 3058 issam
701 3014 829 3078 paternae
850 3001 1060 3080 objurgationis
1080 3002 1261 3072 libertatem,
1283 3015 1351 3076 quum

299 3095 433 3173 graviora
453 3113 553 3169 pecces
570 3094 631 3170 ipse
646 3096 706 3169 jam
726 3106 809 3152 aetate
828 3105 1001 3171 provectus,
1021 3106 1051 3152 et
1069 3107 1154 3172 capnt
1174 3107 1277 3169 tuum,
1295 3109 1349 3151 sana

298 3185 402 3246 mentis
414 3205 532 3261 expers,
550 3184 586 3244 iis
600 3186 706 3262 quibus
724 3198 863 3244 curantur
878 3187 1058 3263 phrenetici,
1078 3189 1268 3249 cucurbitulis
1282 3195 1350 3245 rento

300 3279 393 3358 plenis
405 3277 556 3356 indigeat?

341 3372 390 3452 59.
410 3374 510 3445 Quum
529 3371 633 3446 hospes
653 3369 757 3446 aliquis
773 3381 802 3428 te
821 3369 903 3427 domi
917 3379 974 3426 tun
993 3381 1189 3430 conventurus
1207 3383 1266 3446 est,
1285 3385 1349 3429 neno

300 3487 363 3526 nou
371 3478 490 3524 tuorum
500 3463 675 3522 famulorum
689 3463 749 3539 agit
762 3475 897 3521 strenue:
910 3461 1106 3538 pavimentum
1122 3483 1230 3544 purga,
1244 3465 1348 3542 inquis,

301 3559 451 3631 sordibus,
462 3558 609 3615 columnas
623 3567 721 3632 terge3
737 3567 770 3612 tu
783 3575 898 3612 araneas
909 3555 981 3612 mihi
991 3557 1058 3612 istas
1069 3555 1176 3632 dejice:
1189 3569 1222 3617 tu
1234 3567 1347 3637 argenta

301 3669 381 3723 vasa,
394 3661 425 3708 et
440 3669 504 3727 quac
523 3647 661 3706 suntsine
680 3648 854 3721 sculpturis,
869 3659 898 3705 et
920 3667 984 3723 qua
1004 3660 1073 3705 sunt
1089 3651 1201 3719 calata,
1214 3663 1300 3728 terge.
1313 3646 1346 3704 Sic

299 3741 364 3799 illos
381 3742 480 3800 furens
498 3742 583 3801 dictis
597 3761 630 3799 ac
645 3740 816 3798 verberibus
835 3740 921 3798 etiam
936 3759 1031 3818 urges.
1052 3743 1131 3819 Ergo
1152 3745 1289 3820 trepidas,
1309 3738 1347 3796 ui·

300 3851 366 3905 ser,
388 3853 420 3890 ac
440 3836 566 3909 vereris,
587 3854 626 3893 ue
647 3834 719 3910 quid
736 3833 844 3890 foednm
864 3831 946 3890 domi
962 3842 1018 3890 tuae
1033 3833 1140 3891 amicus
1159 3836 1305 3912 adspiciat3
1319 3849 1345 3886 ne

300 3927 406 3984 atrium
425 3926 529 3982 canino
550 3938 696 4000 stercore,
719 3925 849 4002 porticus
867 3943 949 3982 coeuo
971 3924 1121 3999 inquinata
1138 3929 1193 4001 εἰη
1214 3949 1297 4005 quum
1314 3937 1346 3978 u-

299 4037 366 4076 men
387 4013 493 4088 injecto
514 4035 574 4073 nno
593 4018 748 4091 pulvisculi
765 4017 936 4075 semimodio
960 4017 1027 4073 huic
1045 4019 1123 4076 malo
1143 4021 1252 4078 mederi
1273 4020 1344 4075 sauu-

297 4114 342 4171 lns
359 4129 434 4171 uuus
450 4107 541 4185 possit
555 4130 562 4164 :
577 4109 651 4168 iilud
669 4129 740 4169 roro
754 4129 815 4170 uon
830 4129 927 4183 curas,
945 4119 978 4166 ut
997 4127 1100 4186 puram
1116 4113 1152 4170 ab
1168 4114 1246 4171 omni
1259 4111 1314 4170 labe
1325 4113 1345 4164 et
