2784 4917
231 551 480 640 SATIRAE
510 549 861 640 UNDECIMAE

377 731 713 790 ARGUMENTUM.

230 942 308 994 laura
319 942 479 1007 reprobamus
489 942 617 1000 convivia,
629 959 703 1006 parce
713 941 857 1006 probamus.

77 1030 138 1076 lauta
148 1026 329 1092 reprendantur
343 1025 390 1094 (al.
405 1023 627 1092 reprehenduntur)
641 1025 770 1084 convivia,
782 1041 857 1089 parra
868 1025 1018 1090 prebeatur.

66 1219 148 1255 taxas.
158 1233 191 1244 -
205 1221 242 1255 nr
256 1220 479 1256 consistermus
493 1219 596 1255 vroras.
610 1229 646 1240 -
660 1217 691 1253 ra
707 1218 880 1254 auxuriosos
893 1219 925 1256 ta
938 1217 1010 1259 erro.
1019 1230 1056 1242 -

330 1303 369 1338 ro
382 1303 520 1338 carricare
534 1302 654 1337 iarrourr
665 1292 754 1338 saum.

239 1387 276 1410 ¹-
298 1387 336 1422 na
356 1383 519 1423 suraarauo
539 1365 685 1422 eerraira
709 1386 852 1421 ciaoaurr.

68 1535 193 1592 luvenalis
207 1536 245 1592 ad
260 1537 402 1612 frugalem
419 1555 527 1594 coenam
544 1527 709 1604 Persicum,
727 1535 851 1591 amicum
864 1553 963 1605 saum,
977 1536 1083 1593 invita·

44 1637 103 1681 turus
119 1628 236 1701 primam
259 1628 429 1705 perstringit
448 1627 597 1684 stultitiam
617 1646 738 1696 eorum,
757 1627 808 1700 qui
827 1625 963 1682 lautiores
982 1641 1085 1702 pareat

43 1719 127 1789 epulas,
145 1739 226 1794 qaam
244 1719 412 1776 facultatum
430 1737 548 1776 suarum
570 1719 674 1774 modus
693 1719 779 1788 ferat,
802 1719 913 1788 donee,
932 1718 1084 1794 absumpto

44 1811 103 1866 onai
111 1811 294 1886 patrimonio,
311 1811 481 1886 redigantur
499 1809 537 1865 ad
554 1809 783 1880 mendicitatem,
799 1829 863 1884 quse
881 1811 928 1866 vel
947 1810 1035 1866 vitam
1053 1831 1086 1868 ac

43 1903 190 1974 potissimam
199 1916 376 1962 senectutem
388 1903 449 1978 ipsa
460 1913 555 1959 morte
568 1901 732 1977 graviorem
745 1900 864 1972 efficiat,
881 1903 927 1964 rel
940 1922 989 1959 eos
1002 1914 1099 1979 cogat,

45 1995 113 2065 patria
129 1997 242 2065 cedere,
263 2014 300 2052 ne
322 2015 337 2052 a
364 1993 557 2050 creditoribus
577 2010 651 2066 saepe
676 1993 761 2049 elusis
783 1994 1085 2068 comprehendantur,

45 2102 74 2138 rs.
84 2086 171 2146 1-55.
180 2088 293 2157 Quibus
304 2085 472 2162 premissis,
485 2083 619 2140 ferculati
630 2101 659 2139 se
674 2095 788 2157 parata,
797 2102 854 2140 una
867 2104 932 2140 cum
943 2087 1087 2160 supellee-

47 2178 82 2233 tile
98 2199 124 2236 ae
140 2180 289 2250 ministris,
310 2187 448 2236 recenset.
472 2176 560 2232 Cibos
578 2175 648 2231 dicit
664 2193 724 2232 esse
742 2177 905 2252 inemptos,
925 2189 955 2234 et
972 2179 1003 2233 in
1020 2180 1088 2236 villa

46 2268 167 2326 Tiburtina
184 2283 283 2341 natos,
303 2271 470 2352 boedulum,
486 2269 637 2343 gallinam,
655 2287 726 2338 ova,
741 2287 909 2346 asparagos,
923 2289 1009 2340 uvas,
1025 2272 1089 2346 pira

47 2370 67 2413 et
75 2363 146 2430 arla,
157 2383 217 2439 que
227 2363 297 2420 olim
309 2361 457 2419 luxuriosa
469 2360 557 2417 luerit
567 2379 645 2416 coeaa
657 2355 837 2432 senatorum,
850 2363 1091 2420 clarissimorum-

47 2467 87 2521 que
98 2453 220 2509 Romanae
234 2453 328 2530 gentis
339 2450 506 2521 nominum,
519 2451 617 2522 Curii,
631 2452 801 2520 Fabiorum,
815 2453 949 2521 Catonis,
963 2455 1089 2511 Scauro·

48 2557 107 2612 ruta,
117 2545 309 2601 Fabriciorum
322 2543 505 2617 aliorumque
513 2541 671 2618 (56-92);
685 2543 892 2618 supellectilem
905 2563 965 2600 aon
975 2547 1090 2622 magni-

49 2631 121 2704 ficam,
136 2637 335 2710 testudineum,
352 2646 533 2713 argenteam,
552 2653 683 2704 auream,
701 2633 831 2702 citream,
854 2637 900 2692 rel
916 2637 1087 2709 eburneam,

49 2727 84 2781 sed
96 2728 256 2804 simplicem,
273 2749 390 2799 ereum,
406 2729 547 2806 ligneam,
565 2725 699 2796 fictilem,
718 2745 843 2798 osseam,
859 2747 970 2786 mensas
984 2749 1089 2788 nuceas

50 2819 145 2876 udoni
158 2834 233 2879 natas
251 2820 435 2898 (94-135);
453 2839 562 2890 servos,
580 2837 641 2876 aon
661 2819 755 2894 perite
772 2822 892 2895 opsonia
911 2823 1088 2898 scindentes,

50 2928 88 2966 aee
98 2917 252 2989 peregrinos
267 2926 296 2970 et
311 2934 377 2971 care
391 2925 519 2989 emptos,
536 2914 585 2968 vel
605 2913 679 2968 bene
693 2925 839 2987 comptos,
854 2926 973 2972 ornatos
988 2928 1017 2972 et
1030 2917 1088 2974 do-

51 3015 107 3074 ctos,
122 3009 166 3064 setl
179 3009 264 3066 rudes
278 3020 307 3064 et
322 3010 420 3078 italos,
438 3007 560 3081 pastoris
573 3017 602 3062 et
615 3007 735 3062 bubulci
751 3006 842 3078 filios,
859 3008 977 3066 indutos
993 3031 1089 3072 crasso

51 3095 178 3174 eodemque
193 3101 312 3170 vestitu,
330 3119 383 3157 nee
400 3099 455 3155 nisi
469 3118 547 3155 nunc
561 3111 684 3174 propter
697 3099 830 3155 convivia
842 3121 946 3175 pexos,
961 3115 990 3158 at
1004 3104 1090 3180 inge-

52 3187 87 3240 aui
95 3191 178 3246 vultus
190 3211 221 3248 ac
233 3191 369 3266 pudoris,
383 3201 475 3247 castos
486 3201 514 3246 et
524 3190 651 3246 libidinis
660 3191 792 3267 ignaros,
804 3193 856 3267 qui
866 3193 936 3250 viles
949 3195 1049 3251 calices
1060 3207 1090 3251 et

51 3277 99 3332 rina
109 3284 188 3356 patria
203 3284 366 3360 porrecturi
377 3287 447 3352 sint,
464 3281 627 3339 136-161.
646 3287 786 3340 Praeterea
798 3303 859 3340 non
873 3282 991 3343 lascivas
1005 3290 1090 3342 salta-

52 3369 121 3428 tiones
135 3387 160 3430 et
174 3378 326 3433 cantilenas
345 3375 551 3431 Gaditanorum
566 3377 746 3450 puellarum,
766 3377 819 3433 sed
837 3379 1004 3434 honestiora
1019 3382 1091 3436 Per-

52 3459 94 3515 sico
105 3469 235 3538 promittit
245 3476 419 3548 acroamata,
430 3465 612 3522 recitationes
627 3468 786 3523 carminum
800 3467 921 3523 llomeri
932 3479 961 3524 et
975 3471 1089 3528 altisoni

53 3553 169 3628 llaroais,
183 3557 346 3615 162-180.
363 3558 495 3632 Denique
508 3559 545 3613 ab
555 3558 648 3615 amico
660 3561 750 3633 petit,
767 3571 800 3615 ut
816 3561 951 3617 omnibus
967 3562 1090 3623 dimissis

54 3646 108 3701 turis
127 3649 203 3706 hilari
222 3651 319 3734 antimo
340 3659 386 3717 et,
411 3650 481 3705 dum
502 3650 596 3704 omnis
616 3651 709 3706 Roma
728 3650 766 3705 ad
784 3650 869 3705 ludos
886 3653 1090 3729 Megalesiacos

53 3743 190 3806 tpeauados
205 3745 233 3800 in
249 3745 357 3800 circum
374 3741 463 3798 ellusa
477 3741 527 3811 sit,
545 3739 605 3813 jam
618 3753 696 3796 sexta
710 3743 783 3797 bora
801 3742 916 3800 veniat:
931 3747 1012 3820 quod
1027 3749 1090 3805 sine

54 3829 139 3896 pudore
153 3832 211 3890 lieri
225 3852 309 3909 posse
325 3844 435 3905 monet,
458 3851 549 3908 quum
565 3850 774 3905 nonnunquam
787 3831 828 3889 fas
841 3834 878 3888 sit
893 3838 978 3910 genio
995 3837 1091 3895 indul-

54 3937 115 3994 gere,
127 3939 152 3982 et
165 3929 265 3985 rariori
273 3947 327 3984 usu
337 3929 499 4001 voluptates
515 3924 765 4006 commendentur,
778 3927 942 3987 illi-208.
