2784 4917
716 109 740 150 Ι

276 394 341 483 370
552 395 594 459 o.
623 392 763 460 sunu
791 391 1080 458 ruveuams

274 510 436 597 Alcinoo,
454 508 558 578 bilem
571 524 631 592 aut
646 510 753 578 risum
768 507 908 578 sortasse
922 508 1123 602 quibusdam
1293 521 1312 569 o
1366 537 1367 544 .

276 623 450 708 Moverat,
464 635 504 690 ut
517 621 660 689 mendax
674 618 874 714 aretalogus.
895 649 912 682 «ι
923 622 965 687 In
981 641 1186 690 marcnemo
1367 681 1369 722 ἡ

275 734 378 802 Hunc
390 731 509 819 abicit,
527 755 614 800 saeva
626 731 769 825 dignum
784 754 928 824 veraque
942 728 1132 823 Charybdi,
1367 809 1368 812 Ἴ

274 842 476 937 tingentem
491 842 655 910 immanes
667 843 904 935 Laestrygonas
921 854 1021 934 atque
1034 835 1219 934 Cyclopas?
1367 826 1370 989 Ι

274 953 363 1023 Nam
378 953 477 1022 citius
490 949 661 1045 Scyllam,'
672 949 727 1020 vel
740 950 978 1021 concurrentia
992 974 1068 1020 saxa
1365 941 1368 1007 l

273 1068 441 1158 Cyaneas,
458 1059 576 1156 plenos
588 1076 624 1131 et
638 1061 890 1156 tempestatibus
904 1074 997 1129 utres
1296 1091 1320 1123 ω
1365 1013 1370 1212 l

275 1172 503 1258 Crediderim,
519 1185 578 1244 aut
590 1173 684 1241 tenui
701 1195 897 1266 percussum
913 1171 1054 1239 verbere
1072 1170 1203 1256 Circes,

275 1287 412 1353 Etcum
430 1282 614 1377 remigibus
630 1283 808 1377 grunnisse
825 1281 996 1376 Elpenora
1012 1281 1135 1376 porcis.

165 1463 172 1479 ,
273 1395 359 1464 Tam
374 1395 474 1463 vacui
489 1395 608 1488 capitis
621 1391 787 1488 populum
801 1393 941 1464 Phaeaca
955 1391 1108 1488 putavit?
1118 1423 1135 1458 »

273 1505 331 1576 Sic
344 1503 467 1598 aliquis
481 1503 604 1573 merito
619 1504 773 1574 nondum
785 1503 913 1589 ebrius,
933 1517 968 1572 et
980 1503 1160 1571 minimum
1172 1501 1227 1594 qui

274 1615 327 1685 De
345 1617 523 1710 Corcyraea
538 1629 700 1684 temetum
718 1613 860 1683 duxerat
876 1637 962 1682 uma
978 1638 987 1681 ε

275 1724 375 1797 Solus
386 1727 478 1795 enim
491 1723 559 1794 hoc
576 1725 714 1794 Ithacus
730 1722 824 1792 nullo
841 1724 904 1791 sub
919 1735 1003 1791 teste
1017 1720 1168 1790 canebat.

326 1837 399 1906 Nos
414 1834 569 1904 miranda
583 1835 739 1929 quidem,
755 1833 814 1902 sed
830 1857 942 1927 nuper
956 1831 1093 1902 consule
1106 1834 1124 1898 J
1129 1832 1211 1900 unio

277 1945 382 2015 Gesta
399 1969 502 2039 super
518 1943 633 2013 calidae
651 1944 836 2013 referemus
852 1941 978 2010 moenia
991 1943 1111 2036 Copti;

276 2056 350 2124 Nos
365 2051 459 2148 vulgi
477 2051 601 2138 scelus,
621 2068 656 2122 et
669 2053 801 2123 cunctis
816 2053 971 2148 graviora
985 2051 1172 2120 cothurnis.
1309 2085 1332 2129 ,μ

277 2162 367 2232 Nam
377 2159 485 2231 scelus
497 2186 517 2230 a
530 2163 678 2258 Pyrrha,
695 2187 900 2258 quamquam
915 2162 1031 2230 omnia
1044 2176 1191 2256 syrmata
1202 2159 1316 2233 volvas.

278 2445 295 2483 e
308 2423 440 2482 convivis
451 2423 543 2499 aliqui
557 2433 609 2479 aut
619 2424 780 2496 irriserint,
797 2436 847 2483 aut
858 2425 944 2482 etiam
956 2424 1127 2482 stomachati
1137 2423 1212 2495 sint,
1226 2434 1302 2498 atque
1314 2431 1337 2476 ut

278 2519 379 2594 inepto
397 2518 566 2575 circulatori
583 2517 809 2575 succensuerint.
833 2520 966 2576 Nemone
985 2519 1062 2574 hunc
1081 2517 1286 2584 fabulatorem,
1305 2516 1338 2570 in-

278 2611 434 2685 quiebant,
448 2609 480 2665 in
493 2627 573 2666 mare
587 2608 727 2684 projicit?
743 2611 854 2687 Dignus
867 2622 912 2668 est
921 2611 1054 2687 prolecto
1066 2611 1118 2685 qui
1134 2609 1339 2687 demergereris

278 2721 378 2758 veram
394 2701 589 2777 Charybdim,
604 2719 666 2756 non
679 2699 788 2772 fictam,
804 2704 920 2777 qualem
934 2703 1020 2758 nobis
1035 2703 1204 2778 descripsit,
1224 2701 1340 2778 quamde

279 2792 508 2869 Lestrigonibus
518 2804 549 2850 et
560 2794 737 2870 Cyclopibns
748 2805 805 2850 tam
816 2793 999 2851 incredibilia
1005 2835 1014 2862 ‚
1026 2807 1086 2852 tam
1096 2795 1226 2852 crudelia
1235 2795 1339 2852 facinora
1373 2839 1374 2856 ,

279 2885 365 2942 nobis
379 2883 515 2940 affirmet.
528 2884 652 2942 Facilius
664 2887 743 2943 enirn
760 2886 833 2942 mihi
844 2887 1037 2963 persuaserim
1056 2907 1120 2963 quar
1136 2889 1174 2945 de
1190 2890 1298 2966 Scylla,
1315 2885 1341 2940 de
1373 2935 1374 2982 ,

280 2977 404 3054 Cyaneis
412 2976 556 3052 scopulis,
570 2977 798 3038 intersecollidi
809 2979 917 3050 solitis,
931 2979 968 3036 de
979 2981 1198 3055 tempestatibus
1211 2981 1241 3038 in
1251 2995 1340 3038 uerm
1373 2995 1374 3004 ¹

170 3122 175 3131 .
280 3068 410 3136 inclinis,
421 3070 459 3126 de
469 3072 615 3143 Elpenore
625 3089 643 3125 a
652 3073 737 3129 Circe
746 3073 830 3150 virga
841 3073 944 3130 leviter
954 3074 1119 3144 verberato,
1129 3085 1158 3131 et
1166 3093 1233 3130 cum
1247 3071 1341 3145 rcuig'r

280 3163 337 3222 bus
350 3162 407 3236 jam
415 3181 534 3236 quoque
546 3164 773 3240 grunnientibus
787 3166 818 3222 in
830 3185 952 3241 porcum
965 3177 1088 3236 mutato,
1099 3178 1218 3237 narrat,
1235 3163 1341 3244 quamde
1372 3157 1374 3166 ⁴

282 3254 452 3312 bominibus
463 3254 602 3312 humanas
617 3274 718 3312 carues
732 3257 952 3314 devorantibus.
964 3261 1011 3314 An
1024 3259 1153 3315 Phaeacas
1169 3271 1227 3314 tom
1243 3257 1342 3316 stolidos

283 3368 344 3408 esse
354 3346 512 3422 judicavit,
523 3356 557 3403 ut
567 3348 623 3403 boc
632 3347 688 3404 sibi
695 3347 852 3405 affirmanti
862 3349 1035 3407 crederent?
1045 3352 1089 3406 Ita
1100 3351 1184 3425 loqui
1196 3351 1342 3423 merirope

283 3441 970 3518 missetaliquiscouvivarummonduurebrius,
980 3445 1032 3520 qui
1040 3446 1192 3502 minimam
1202 3441 1342 3504 adbucvini

283 3535 373 3613 patrii
381 3534 496 3610 copiam
503 3536 646 3594 hauserat.
657 3535 775 3611 Quippe
785 3538 903 3613 Ulysses
914 3557 946 3595 ea
954 3539 1036 3596 nullo
1043 3549 1199 3595 attestante
1209 3539 1342 3598 asserem.

326 3647 375 3698 ²7·
394 3629 457 3685 Nos
478 3628 586 3685 mirum
599 3625 718 3702 quidem
734 3629 843 3686 lacinus
857 3631 1006 3690 narraturi
1024 3651 1137 3704 sumus,
1152 3633 1204 3690 sed
1225 3635 1257 3690 in
1271 3627 1343 3688 medie

283 3720 413 3796 AEgypto
428 3738 522 3794 prope
533 3722 662 3796 Coptum
672 3719 752 3777 haud
764 3721 804 3776 ita
815 3721 929 3796 pridem
938 3763 947 3792 ,
956 3723 973 3778 J
976 3723 1046 3780 unio
1059 3723 1169 3780 Sabino
1180 3725 1280 3782 Rome
1289 3739 1344 3778 cou-

283 3810 409 3867 sulatum
422 3823 557 3887 gerente,
569 3823 787 3887 perpetratum
803 3814 893 3870 totius
906 3815 1059 3889 cujusdem
1072 3816 1175 3890 populi
1184 3820 1302 3885 crimen,
1312 3822 1344 3865 εἰ·

240 3905 255 3924 '
284 3921 342 3977 que
354 3900 435 3959 adeo
445 3921 549 3960 eorum
563 3905 695 3962 omnium
710 3925 773 3981 quse
793 3905 826 3963 iu
844 3903 993 3983 trogoetsris
1008 3908 1185 3966 exhibentur
1197 3909 1343 3986 gravinum

283 4011 442 4069 superam
462 3993 627 4068 siquidem,
652 3997 706 4054 etsi
726 4017 827 4056 omnes
851 3999 1023 4075 tragoedias,
1049 4019 1113 4077 quae
1133 4013 1201 4077 post
1216 3999 1343 4060 horninur

282 4106 374 4165 genus
393 4105 411 4142 a
434 4088 621 4144 Deucalionis
646 4090 760 4148 diluvio
784 4103 885 4148 natum
906 4093 1077 4168 conscriptae
1100 4105 1186 4166 sunt,
1213 4086 1343 4151 scruteris,

282 4182 396 4240 nullum
408 4181 501 4239 scelus
514 4180 553 4236 ab
561 4182 631 4238 'toto
644 4184 757 4258 populo
773 4185 971 4244 communiter
982 4185 1138 4246 admissum
1154 4187 1287 4248 invenies-
1299 4181 1342 4238 Τ(-
