2784 4917
287 403 350 472 312
565 407 606 474 D.
635 403 773 470 lUNll
802 401 1091 470 lUVENALIS

285 520 456 614 Majorum
473 517 579 616 leges3
603 532 662 591 aut
674 519 780 588 vitem
799 541 900 612 posce
913 515 1038 589 libello.

285 629 351 702 Sed
366 643 468 724 caput
480 628 645 698 intactum
661 627 750 696 buxo
764 651 929 722 naresque
943 625 1064 721 pilosas

286 739 450 827 Adnotet,
468 754 503 808 et
517 737 660 834 grandes
678 737 821 806 miretur
836 733 957 806 Laelius
971 734 1051 808 alas.
1289 751 1327 818 ¹9⁵

285 850 393 920 Dirae
409 851 611 918 Maurorum
628 846 780 940 attegias,
801 843 935 916 castella
951 845 1166 940 Brigantum,

286 959 336 1027 Ut
353 956 553 1053 locupletem
567 954 713 1052 aquilam
731 955 793 1026 tibi
806 955 1030 1051 sexagesimus
1041 979 1152 1026 annus

286 1067 436 1157 alferat3
453 1083 526 1155 aut,
545 1066 666 1163 longos
682 1081 871 1136 castrorum
889 1064 982 1136 ferre
996 1064 1127 1136 labores

285 1179 321 1250 Si
338 1179 447 1273 piget,
467 1191 501 1246 et
516 1175 691 1270 trepidum
706 1174 843 1248 solvunt
857 1175 920 1244 tibi
939 1201 1068 1250 cornua
1081 1189 1232 1250 tenuem

287 1290 374 1359 Cum
392 1285 483 1356 lituis
498 1287 628 1374 audita,
644 1311 760 1382 pares,
777 1287 869 1381 quod
887 1287 1035 1362 vendere
1050 1288 1157 1381 possis
1298 1319 1327 1354 m

288 1396 397 1466 Pluris
416 1395 573 1485 dimidio,
592 1421 655 1467 nec
672 1411 707 1466 te
725 1395 854 1467 fastidia
870 1396 989 1466 mercis

285 1503 398 1576 Ullius
414 1506 557 1574 subeant
573 1504 767 1601 ablegandae
782 1505 934 1576 Tiberim
949 1504 1060 1576 ultra:
1145 1519 1148 1527 “

285 1619 363 1687 Neu
376 1614 493 1685 credas
506 1615 704 1710 ponendum
720 1614 847 1709 aliquid
864 1613 1068 1686 discriminis
1083 1617 1173 1686 inter

285 1729 468 1819 Unguenta
482 1738 517 1792 et
534 1725 666 1793 corium
682 1751 690 1793 ε
711 1721 798 1794 lucri
813 1724 923 1794 bonus
936 1737 986 1793 est
999 1724 1085 1794 odor
1099 1749 1141 1796 ex
1158 1749 1196 1794 re

285 1833 455 1923 Qualibet
474 1833 537 1903 Illa
552 1850 612 1904 tuo
627 1835 794 1905 sententia
810 1858 945 1929 semper
960 1834 996 1902 in
1013 1859 1072 1904 ore
1297 1849 1327 1900 ot

285 1947 461 2031 Versetur,
471 1943 532 2012 Dis
545 1959 644 2037 atque
658 1945 731 2037 ipso
742 1945 761 2012 J
764 1968 827 2012 ove
842 1944 962 2042 digna,
977 1960 1105 2038 poetae:

286 2056 393 2126 Urna
412 2077 721 2140 nanass,Qunn1r
741 2077 862 2144 nstro3
885 2077 950 2126 sun
967 2077 1126 2126 oronrur
1142 2077 1281 2126 flamm,

287 2168 363 2234 Hoc
379 2177 575 2235 monstrant
588 2160 707 2233 vetule
724 2163 836 2258 pueris
853 2164 1048 2259 repentibus
1063 2189 1165 2234 assae:

287 2277 366 2352 Hoc
381 2272 517 2344 discunt
533 2297 652 2344 omnes
667 2287 744 2342 ante
761 2270 864 2370 alpha
883 2289 916 2344 et
934 2275 1012 2345 beta
1029 2274 1158 2369 puellae.
1172 2304 1190 2340 n

229 2587 235 2596 ,
287 2517 366 2576 dices
380 2521 499 2591 evolve3
520 2529 569 2576 aut
581 2517 762 2578 centurionis
775 2536 880 2575 munus
891 2528 921 2576 et
932 2518 1057 2596 insignia
1071 2521 1200 2596 supplici
1210 2519 1296 2578 libello
1306 2519 1326 2571 ab

286 2613 464 2688 imperatore
487 2615 611 2690 postula.
635 2613 695 2671 Sed
714 2613 759 2670 lac
776 2609 815 2668 bt
836 2611 957 2682 Laelius,
984 2613 1044 2670 dux
1067 2614 1231 2684 exercitus,
1251 2613 1326 2690 pertus

286 2702 409 2759 intactos
432 2703 486 2762 tibi
506 2715 536 2763 et
557 2703 688 2780 hispidos
708 2723 768 2762 esse
789 2703 902 2774 crines,
926 2723 1010 2764 nares
1029 2703 1096 2782 pilis
1116 2705 1257 2778 hirsutas,
1273 2699 1333 2762 ellel

287 2804 383 2850 certos
402 2795 535 2871 ingentes
554 2795 745 2853 mirabundus
767 2795 987 2853 animadvertat.
1003 2795 1110 2854 Evertc
1126 2797 1288 2854 Maurorum
1300 2815 1326 2850 re

286 2905 349 2958 sas,
375 2906 456 2946 arces
476 2887 640 2964 Anglorum
664 2888 822 2959 exscinde,
846 2899 881 2946 ut
899 2905 989 2962 quum
1009 2887 1099 2944 artatis
1119 2905 1228 2945 annum
1248 2905 1326 2962 surge

285 2979 390 3037 simum
407 2979 553 3057 attigeris,
573 2979 703 3055 signiferi
718 2999 824 3037 munus
839 2977 870 3036 iu
885 2980 982 3054 aliqua
995 2979 1112 3054 legione
1128 2980 1269 3050 obtineas,
1281 2977 1332 3056 md}

284 3091 405 3148 magnas
419 3090 490 3148 opes
505 3070 633 3147 denique
645 3072 841 3147 consequaris.
860 3071 988 3142 Quodsi
1005 3069 1129 3128 ferendo
1143 3071 1253 3130 militia
1268 3057 1332 3134 labotil

287 3164 428 3223 diuturno
442 3182 497 3239 par
512 3181 575 3220 non
587 3181 632 3234 es,
647 3162 673 3218 si
684 3163 793 3223 mixtus
811 3176 956 3220 cornuum
974 3172 1003 3220 et
1020 3161 1162 3219 lituorum
1182 3163 1290 3240 clangor
1298 3153 1331 3214 ut

286 3267 412 3326 metum,
432 3255 675 3330 quo'resolvatur
692 3256 792 3325 alvus,
806 3255 922 3326 climat,
937 3265 1130 3312 mercaturam
1144 3275 1264 3326 exerce,
1277 3271 1331 3312 ron

285 3370 356 3427 para
377 3349 459 3426 quod
475 3347 584 3404 vendas
606 3347 699 3423 pluris
723 3346 846 3406 dimidio
867 3365 955 3422 quam
977 3347 1098 3419 emeris,
1123 3366 1222 3424 neque
1241 3341 1331 3423 fastiditi

287 3442 379 3502 olidus
390 3441 528 3518 quasdam
540 3458 669 3512 merces,
685 3459 750 3515 quar
769 3453 849 3497 trans
861 3439 992 3496 Tiberim
1013 3440 1201 3514 deportanda
1220 3441 1285 3508 sint;
1299 3443 1330 3492 81

291 3545 376 3609 putes
395 3533 588 3593 differentiam
605 3533 731 3608 aliquam
750 3534 827 3591 inter
845 3545 990 3608 unguenta
1010 3533 1175 3592 suavissima
1198 3547 1229 3592 et
1245 3531 1330 3602 letidni

287 3627 400 3685 corium
418 3647 478 3688 essa
497 3623 695 3687 stalueudam:
708 3629 782 3685 bene
795 3628 856 3685 olet
874 3626 1019 3703 quidquid
1034 3639 1077 3685 est
1091 3627 1183 3698 lucri,
1204 3627 1323 3686 mrtem

287 3738 344 3792 que
360 3719 393 3774 id
410 3721 557 3778 asseratur.
584 3723 669 3778 iluna
688 3721 776 3777 Ennii
795 3720 989 3792 versiculum,
1009 3720 1131 3797 dignum
1151 3733 1232 3780 certe
1247 3715 1323 3793 Supffi'!

285 3809 452 3868 auctoribus
472 3822 502 3870 et
520 3813 584 3887 ipso
604 3815 696 3882 Jove,
715 3832 830 3888 semper
849 3833 979 3889 usurpa:
994 3814 1102 3872 tUnde
1122 3815 1240 3885 habeas,
1258 3807 1329 3892 (ῐιιῐῐὶῐ1

285 3920 390 3973 nemo;
410 3903 463 3959 sed
479 3915 599 3977 oportet
617 3905 757 3963 babere.»
779 3907 861 3966 Hauc
880 3906 1047 3981 praeclaram
1067 3906 1237 3964 senteutiam
1256 3902 1329 3984 docdl

285 3996 389 4052 vetulae
397 3997 535 4071 parrulos
546 4016 665 4071 pueros,
680 3999 776 4074 quiob
786 3998 854 4075 ipsis
866 3998 977 4073 aliquid
986 3999 1146 4074 pecuniolae
1157 4000 1285 4076 rogitant:
1293 4009 1320 4046 tt·

286 4088 351 4145 dem
365 4087 466 4163 puella
477 4105 577 4145 omnes
591 4090 775 4164 perdiscunt,
789 4102 943 4169 antequam
955 4091 1049 4167 prima
1059 4091 1208 4150 literarum
1219 4087 1320 4168 appellat

286 4181 387 4240 norint
400 4183 548 4238 elementa.
780 4183 787 4194 '
