2784 4917
252 414 318 502 374
555 411 600 474 1).
623 410 754 474 JUNII
777 409 1044 477 JUVENALIS

250 529 401 598 Donavit
418 527 518 596 terris
534 551 543 594 τ
562 522 730 596 elemento
743 525 906 620 gratulor,
921 539 956 595 et
970 541 1006 598 te

253 639 429 710 Exsultare
442 664 531 710 reor.
547 637 613 710 Sed
628 639 689 733 qui
704 637 859 708 mordere
874 637 1018 709 cadaver

252 751 439 837 Sustinuit,
454 748 503 818 nil
519 773 680 846 umquam
695 750 760 821 bac
774 773 876 819 carne
888 747 1046 818 libentius
1060 748 1141 819 edit.

253 862 343 931 Nam
358 858 483 930 scelere
497 861 532 928 in
548 873 645 928 tanto
659 884 703 928 ne
718 883 848 954 quaeras
861 874 896 929 et
908 860 1058 947 dubites,
1074 885 1117 930 an

254 972 368 1040 Prima
381 970 590 1066 voluptatem
606 968 685 1064 gula
702 971 843 1041 senserit
859 997 867 1039 :
887 968 1027 1043 ultimus
1041 988 1171 1058 autem,
1299 1004 1323 1052 9⁰

253 1082 322 1170 Qui
342 1081 434 1149 stetit
450 1079 605 1148 absumto
621 1080 690 1173 jam
709 1095 781 1150 toto
799 1105 961 1175 corpore,
983 1081 1092 1152 ductis

255 1195 454 1278 Perterram
472 1191 605 1286 digitis,
626 1189 755 1285 aliquid
770 1192 812 1261 de
827 1195 990 1288 sanguine
1004 1207 1126 1290 gustat.

304 1305 494 1386 Vascones,
510 1301 582 1370 baec
596 1299 685 1369 fama
700 1316 765 1388 est,
787 1301 956 1372 alimentis
969 1300 1093 1372 talibus
1107 1298 1190 1372 olim

255 1411 448 1481 Produxeoe
461 1411 615 1481 animas:
636 1412 694 1482 sed
714 1437 765 1482 res
782 1411 931 1495 diversa,
951 1413 1008 1483 sed
1024 1411 1093 1482 illic

256 1527 415 1592 Fortunae
432 1523 559 1594 invidia
575 1537 627 1592 est
643 1521 879 1618 bellorumque
898 1521 1034 1610 ultima,
1054 1545 1150 1592 casus
1298 1540 1322 1606 95
1363 1519 1364 1530 ’

255 1633 424 1719 Extremi,
439 1631 548 1726 longas
563 1632 638 1701 dira
653 1632 839 1704 obsidionis
855 1647 994 1728 egestas.

163 1822 169 1833 Ι
256 1744 367 1837 Hujus
383 1744 490 1827 enim,
503 1742 596 1834 quod
612 1767 706 1813 nunc
718 1745 841 1838 agitur,
860 1741 1050 1814 miserabile
1064 1743 1167 1812 debet

258 1849 459 1946 Exemplum
475 1876 545 1922 esse
559 1851 625 1922 cibi
642 1877 650 1921 :
670 1836 874 1924 sicutmodo
889 1851 1078 1923 dictamihi
1094 1875 1178 1946 gens

257 1965 336 2032 Post
349 1986 467 2031 omnes
482 1963 622 2048 herbas,
637 1979 714 2057 post
726 1980 849 2034 cuncta
861 1959 1034 2049 animalia,
1049 1961 1217 2056 quidquid

257 2073 410 2166 Cogebat
423 2073 520 2140 vacui
536 2074 664 2142 ventris
677 2073 786 2161 furor,
800 2073 955 2144 hostibus
970 2072 1051 2167 ipsis
1284 2101 1322 2138 100

258 2181 423 2252 Pallorem
438 2207 478 2252 ac
491 2184 650 2270 maciem,
667 2199 701 2254 et
716 2199 832 2253 tenues
847 2183 1083 2252 miserantibus
1096 2195 1210 2268 artus,

258 2292 412 2360 Membra
429 2291 537 2360 aliena
552 2292 641 2368 fame
655 2277 862 2380 lacerabant,
877 2315 951 2388 'esse
965 2293 1074 2387 parati

149 2535 153 2540 ’
258 2531 370 2589 crudeli
388 2530 499 2608 flagitio
519 2551 580 2588 non
599 2529 1000 2609 contaminaverint:gaudeo
1020 2541 1078 2588 um
1095 2529 1198 2587 nobile
1215 2533 1324 2588 elemen-
1363 2569 1364 2574 κ

257 2636 320 2681 tum
340 2624 392 2680 ista
412 2624 589 2680 immanitate
608 2624 750 2681 violatum
768 2641 829 2681 nou
848 2623 951 2696 fuisse,
969 2642 1002 2680 ac
1022 2633 1052 2681 te
1073 2621 1106 2680 id
1127 2633 1246 2708 quoque
1263 2640 1323 2697 gan·
1363 2651 1364 2660 κ

257 2718 328 2774 dere
343 2715 481 2774 arbitror.
496 2717 635 2774 Ceterum
649 2717 826 2793 quicumque
835 2715 937 2774 avidos
953 2715 1055 2774 dentes
1069 2713 1204 2772 cadaveri
1218 2711 1324 2790 infigere
1363 2753 1364 2766 ,

256 2819 371 2884 potest,
395 2808 423 2863 ei
444 2809 558 2864 nullum
578 2827 709 2882 unquam
727 2808 871 2867 ferculum
892 2809 949 2866 isto
968 2806 1127 2882 jucundius
1148 2805 1251 2884 attigit
1266 2804 1323 2862 Noli

256 2906 354 2977 itaque
373 2899 527 2969 sciscitari,
550 2911 601 2956 aut
622 2902 786 2978 ambigere,
799 2919 837 2957 au
850 2901 963 2976 primns
981 2900 1033 2975 qui
1050 2899 1137 2958 talem
1152 2899 1249 2956 cibum
1266 2917 1323 2974 gus-

256 2992 329 3051 tavit
340 2995 521 3069 voluptatem
538 2992 674 3064 senserit,
694 3013 786 3071 quum
799 2994 941 3069 postremi
960 2993 1092 3050 omnium
1111 2992 1165 3068 qui
1179 3011 1323 3060 accessere,

201 3117 210 3122 ·
257 3097 411 3162 postquam
428 3095 525 3142 totum
537 3085 662 3142 cadaver
678 3087 866 3161 absumptum
876 3104 893 3142 a
904 3085 1053 3160 prioribus
1065 3097 1094 3142 et
1103 3103 1254 3142 corrosum
1265 3085 1321 3152 fuit,

256 3189 425 3254 premerent
445 3189 553 3235 terram
568 3177 686 3254 digitis,
711 3189 745 3236 ut
763 3198 799 3236 ex
820 3198 852 3236 es
872 3179 1019 3256 sanguinis
1035 3189 1132 3256 guttas
1151 3178 1285 3238 elicerent
1298 3195 1323 3232 ar

258 3273 414 3350 lingerent.

296 3368 345 3442 93.
367 3363 689 3434 vasconesutterunr,
703 3364 781 3420 bunc
792 3363 944 3422 inmorem
956 3363 1094 3422 carnibus
1104 3365 1238 3423 huruauis
1246 3366 1321 3422 vitan

256 3457 435 3535 aliqmimdiu
448 3467 679 3514 conservarunt:
693 3457 746 3514 sed
762 3468 871 3532 quantu
886 3457 963 3538 iuter
977 3458 1032 3515 hos
1047 3469 1077 3516 et
1091 3459 1232 3536 AEgyptos
1246 3469 1322 3515 status

259 3550 486 3609 dissimilitudo!
507 3550 551 3606 Eo
570 3548 680 3624 quippe
697 3548 792 3606 adacti
814 3549 895 3607 lisere
916 3551 1060 3608 Vascones
1080 3569 1133 3625 per
1152 3551 1320 3609 acerbitatem

145 3673 150 3689 ν
256 3645 412 3720 quamdam
423 3655 453 3701 et
464 3641 679 3724 inclementiam
691 3643 841 3712 Fortunae,
855 3641 1030 3718 per-militie
1042 3661 1154 3701 summa
1162 3641 1320 3709 infortunia,

257 3756 310 3811 per
319 3753 460 3792 aerumnas
468 3734 602 3802 ultimas,
616 3743 647 3790 et
657 3732 803 3790 diuturne
819 3732 981 3791 obsidionis
991 3753 1097 3792 susam
1106 3732 1244 3810 inopiam.
1255 3729 1319 3790 Illud

256 3826 363 3884 cibiae
380 3826 474 3882 vietus
488 3827 654 3900 exemplum
670 3824 708 3882 de
726 3843 786 3898 quo
804 3825 912 3900 loquor
932 3824 1162 3883 misericordiam
1177 3835 1206 3882 et
1224 3825 1318 3882 venian

258 3917 390 3975 invenire
416 3917 525 3983 debet,
551 3914 798 3992 quemadmodum
824 3913 933 3972 scilicet
962 3929 1030 3991 post
1049 3917 1214 3992 absumptas
1236 3933 1319 3974 omnes

256 4012 362 4068 herbas
371 4021 404 4067 et
414 4008 548 4064 animalia
559 4048 568 4072 ‚
584 4018 614 4064 et
629 4007 774 4084 quidquid
786 4007 931 4066 edendum
942 4007 1099 4083 objiciebat
1113 4007 1195 4065 famis
1207 4007 1319 4083 quedam

259 4105 368 4173 rabies,
386 4101 443 4178 ipsi
463 4100 593 4176 pallore,
612 4101 718 4172 macie,
739 4099 877 4157 membris
899 4099 995 4158 media
1017 4100 1189 4172 attenuatis,
1209 4098 1316 4157 bostium

259 4195 390 4272 ipsorum
408 4192 623 4251 miserationem
640 4205 810 4266 moventes,
829 4193 928 4252 alienis
944 4193 1064 4252 artubus
1082 4193 1275 4262 uescebantur,
1294 4197 1318 4244 tl
