2784 4917
255 363 320 428 318
508 359 574 424 .1›.
596 357 735 424 IUNll
757 357 1044 426 IUVENALIS

254 479 313 554 Nil
329 476 423 550 color
437 476 496 548 bic
510 473 602 563 culi,
618 472 668 544 nil
683 473 785 545 fuscia
797 477 896 570 nigra
908 477 1076 565 minatnr3

255 589 423 661 AEstivum
437 600 573 656 tonat»
586 580 709 654 Infelix
726 584 790 654 buc
808 583 951 654 forsitan
969 587 1041 682 ipsa
1260 603 1298 670 293

255 703 367 773 Nocte
380 696 479 768 cadet
489 695 605 766 fractis
615 693 784 783 trabibus,
799 693 974 790 fluctuque
987 709 1161 790 premetur

255 809 422 895 Obrutus,
436 821 471 876 et
485 829 606 876 zonam
619 803 701 874 leva
715 829 898 898 morsuque
912 807 1052 876 tenebit

256 921 325 994 Sed
340 920 435 1014 cujus
447 918 535 988 votis
550 915 652 986 modo
666 938 737 984 ιιοιι
751 913 932 986 suffecerat
947 942 1087 1004 aurum,

257 1031 359 1124 Quod
375 1034 485 1125 Tagus
503 1042 538 1096 et
557 1024 658 1096 rutila
672 1025 781 1098 volvit
794 1026 950 1097 Pactolus
966 1052 1084 1118 amna,

258 1141 393 1238 Frigida
406 1138 574 1209 sufficient
585 1135 735 1208 velantes
748 1138 889 1233 inguina
902 1138 1022 1232 panni,

258 1254 472 1346 Exiguusque
488 1248 602 1336 cibus,
618 1272 727 1318 mersa
740 1262 812 1316 rate
825 1246 1006 1342 naufragus
1020 1273 1125 1318 assem

260 1363 351 1431 Ibrrn
363 1373 478 1455 rogat,
496 1372 532 1426 et
549 1359 641 1453 picta
652 1383 688 1428 se
702 1365 900 1453 tempestate
914 1371 1040 1428 bacun.

308 1470 425 1538 Tantis
440 1481 539 1562 parta
553 1466 670 1554 malis,
684 1493 768 1538 cura
781 1469 909 1562 majore
922 1483 1081 1562 metuque

259 1581 463 1650 Servantur:
478 1579 599 1648 misera
612 1579 789 1675 estmagni
805 1578 956 1648 custodia
972 1603 1102 1648 census.

260 1691 439 1786 Dispositis
452 1689 616 1784 praedives
627 1690 736 1760 hamis
749 1687 888 1786 vigilare
901 1690 1076 1760 cohortem

260 1807 445 1874 Servorum
459 1815 564 1870 noctu
580 1801 720 1900 Licinus
735 1801 850 1894 jubet,
868 1802 1031 1872 attonitus
1049 1827 1115 1897 pro

261 1911 413 1996 Electra,
429 1910 601 2005 signisque
613 1910 698 1995 suis,
715 1909 930 2004 Phrygiaque
945 1908 1117 2000 columna,

262 2025 373 2116 Atque
390 2021 507 2106 ebore,
520 2033 555 2088 et
567 2018 633 2087 lata
643 2016 813 2088 testudine
827 2043 836 2088 ι
851 2018 942 2090 dolia
962 2021 1046 2092 nudi

265 2133 346 2203 Non
358 2128 478 2198 ardent
490 2128 633 2222 Cynici:
650 2129 679 2196 si
692 2128 845 2222 fregeris,
862 2127 967 2198 altera
982 2129 1042 2198 fiet

266 2245 350 2314 Cras
358 2239 490 2324 domus,
504 2252 563 2308 aut
575 2236 692 2306 eadem
707 2235 847 2331 plumbo
863 2239 1040 2316 commissa
1051 2241 1213 2312 manebit.
1283 2255 1323 2307 ιω
1368 2183 1369 2248 l

266 2489 423 2550 territent:
436 2485 498 2542 bac
511 2483 641 2560 fulgura,
659 2483 721 2542 buc
734 2483 863 2541 tonitrua
881 2503 918 2542 ex
932 2503 1035 2544 eornm
1050 2503 1158 2563 genere
1174 2496 1257 2556 snat,
1273 2503 1326 2560 qua
1369 2421 1372 2522 l

267 2585 347 2642 calor
355 2579 469 2638 activus
479 2577 698 2656 gignentium,
711 2575 830 2634 minime
844 2578 1015 2654 ceteroquin
1026 2577 1189 2654 periculosa
1199 2589 1230 2636 et
1243 2579 1327 2635 noxis.

267 2679 378 2734 Forsan
390 2683 486 2730 tamen
496 2670 546 2727 illu
557 2670 618 2746 ipsa
626 2679 713 2728 nocte
723 2669 811 2728 miser
821 2669 954 2730 trabibus
963 2671 1071 2750 navigii
1083 2671 1184 2730 fractis
1191 2670 1328 2747 managio

267 2767 364 2836 facto,
383 2761 470 2820 undis
487 2761 663 2836 jactabitur,
687 2761 887 2838 opprimetur,
906 2781 1072 2820 crumenam
1092 2762 1227 2820 munibus
1246 2761 1331 2820 denti-

267 2859 380 2931 busque
395 2855 632 2928 coruprebeussm
645 2865 754 2911 tenens.
770 2858 810 2912 At
825 2856 906 2930 cujus
922 2855 1047 2912 avaritia
1062 2867 1091 2914 et
1109 2854 1332 2932 cupiditatium

268 2969 332 3008 non
342 2947 437 3006 luerat
448 2965 552 3002 aurum
563 2963 650 3002 omne
659 2946 740 3020 quod
750 2947 861 3024 Tagus,
875 2947 956 3024 quod
969 2948 1101 3006 Pactolus
1111 2960 1210 3006 versat
1220 2951 1252 3006 in
1261 2947 1332 3006 flavis

268 3042 380 3113 arenis,
394 3038 443 3097 bic
455 3037 508 3094 vili
518 3048 642 3096 centone
652 3039 690 3095 ad
703 3039 828 3116 tegenda
839 3041 958 3116 inguina
968 3040 1025 3098 uda
1036 3051 1067 3098 et
1075 3040 1182 3118 frigida
1193 3052 1333 3100 contentus

270 3134 343 3205 erit,
362 3151 396 3190 ac
411 3129 529 3188 modico
547 3130 628 3200 cibo,
648 3131 719 3188 dum
734 3131 785 3189 vix
802 3151 930 3192 emersus
946 3133 1022 3192 mari
1038 3135 1208 3211 corrogabit
1225 3135 1333 3212 stipem,

169 3259 176 3274 ·
272 3243 315 3302 et,
334 3237 475 3285 ostentata
495 3221 639 3300 naufragii
656 3223 702 3281 sui
717 3223 830 3300 depicta
847 3225 973 3304 imagine
991 3246 1022 3286 se
1039 3227 1178 3286 adversus
1190 3239 1335 3306 pauperu-

272 3335 332 3384 tem
344 3317 483 3378 tuebimr.

313 3415 382 3474 303.
402 3415 497 3470 Porro
507 3406 616 3468 divitie
625 3417 670 3465 tot
677 3410 813 3466 erumnis
823 3425 857 3468 uc
867 3409 1018 3468 laboribus
1031 3411 1166 3484 quaesitu,
1174 3411 1281 3487 majori
1287 3411 1337 3470 sol-

272 3506 423 3566 licitudine
437 3523 470 3562 uc
480 3511 562 3560 metu
570 3500 743 3558 retinentur.
755 3501 862 3560 Misera
872 3513 915 3560 cst
926 3502 1056 3561 conditio
1067 3504 1221 3578 cujuslibet
1230 3523 1337 3583 magnas

274 3619 344 3676 opes
352 3617 468 3658 semare
476 3592 638 3674 satagentis.
651 3593 767 3652 Licinus
776 3594 808 3652 iu
817 3595 903 3653 certis
910 3595 1014 3654 aedium
1024 3617 1142 3656 suarum
1153 3599 1226 3656 locis
1236 3610 1338 3674 paratas

273 3693 402 3750 hebetia
413 3691 583 3766 vssisaquas
595 3706 602 3741 :
616 3697 756 3764 praeterea
770 3689 934 3764 complures
946 3707 1046 3748 servos
1057 3701 1232 3765 pernoctare
1247 3691 1338 3768 vigiles

275 3785 307 3844 iu
322 3784 451 3840 excubiis
461 3783 562 3857 jubet,
580 3791 711 3838 metuens
726 3798 764 3837 ne
774 3799 841 3838 rasa
854 3781 979 3856 pretiosa
990 3800 1026 3839 ex
1037 3783 1160 3854 uestro,
1177 3794 1276 3842 statue
1288 3784 1339 3840 els-

274 3889 390 3958 gantes,
406 3877 547 3933 columna
565 3893 738 3932 emumora
751 3873 896 3953 Phrygio,
912 3875 1038 3934 eburnea
1049 3889 1235 3946 ornamenta,
1245 3895 1338 3934 mensa

275 3967 453 4030 testudinum
466 3966 663 4042 putaminibus
677 3978 836 4039 contexta,
854 3967 934 4026 barto
951 3969 1116 4044 rapiuntur,
1131 3982 1183 4028 aut
1195 3972 1339 4028 absuman-

277 4079 326 4123 tnr
344 4060 490 4118 incendio.
508 4059 647 4136 Diogenis
663 4060 775 4118 dolium
789 4061 858 4138 igne
873 4061 1004 4118 consumi
1020 4061 1137 4138 nequit3
1159 4063 1185 4120 si
1204 4082 1264 4140 qno
1281 4079 1339 4120 casu

275 4159 441 4235 fungatur,
465 4172 528 4212 cras
542 4152 607 4231 ipse
627 4154 751 4214 alterum
768 4153 896 4228 dolium,
914 4154 1020 4214 alteras
1036 4155 1112 4216 aedes
1130 4155 1277 4226 inveniet,
1296 4162 1342 4210 aut
