2784 4917
277 358 321 423 68
579 358 622 421 D.
646 356 784 421 JUNlI
804 356 1083 424 tquNuLts

278 468 422 538 Provida
436 471 597 566 Pompeio
612 468 749 539 dederat
760 470 943 562 Campania
960 468 1066 540 febres

277 580 471 675 Optandas3
491 581 548 651 sed
563 578 676 649 multae
688 580 791 649 urbes
804 595 838 648 et
851 577 983 673 publica
997 596 1074 649 vota

234 770 240 797 ἱ
277 694 442 761 vicerunt
459 717 466 760 :
485 692 588 787 igitur
603 696 753 759 Fortuna
771 690 891 782 ipsius,
906 703 941 757 et
957 690 1079 777 Urbis,
1289 708 1333 758 aas

276 804 452 870 Servatum
471 802 561 869 victo
579 814 680 892 caput
698 798 936 867 abataticum
952 800 1103 868 cruciatu

275 908 456 996 Lentulus;
475 909 538 977 hac
551 931 651 1000 poena
665 894 789 993 caruit,
805 906 992 1001 ceciditque
1005 908 1178 1003 Cethegus

273 1022 426 1115 Integer3
440 1033 473 1088 et
483 1018 590 1112 jacuit
599 1017 743 1087 Catilina
756 1017 918 1086 cadavere
928 1032 1011 1087 toto.

263 1197 265 1203 ,
323 1134 478 1197 Formam
493 1136 587 1221 optat
604 1125 739 1195 modico
753 1126 883 1221 pueris,
899 1128 1028 1221 majore
1041 1127 1163 1223 puellis

275 1242 470 1327 Murmure,
488 1262 592 1333 quum
606 1238 747 1307 Veneris
766 1236 882 1306 fanum
900 1238 995 1307 videt
1012 1239 1108 1307 anxia
1124 1252 1245 1321 mater,
1293 1266 1335 1316 ¹9⁰

275 1351 391 1445 Usque
404 1349 446 1418 ad
464 1348 600 1419 delicias
615 1362 785 1419 votorum.
801 1349 934 1418 —Cur
949 1364 1080 1437 tamen,
1097 1350 1227 1444 inquit,

274 1455 467 1550 Corripias?
483 1455 625 1551 pulchra
643 1455 767 1550 gaudet
783 1458 915 1525 Latona
929 1459 1050 1528 Diana.

276 1606 322 1619 -
334 1568 400 1636 Sed
416 1582 504 1635 vetat
517 1567 625 1659 optari
642 1564 764 1635 faciem
776 1567 952 1653 Lucretia,
970 1566 1103 1661 qualem

274 1678 350 1772 Ipsa
364 1678 484 1747 habuit
498 1703 505 1745 :
521 1692 660 1771 cuperet
675 1675 798 1745 Rutila
812 1677 969 1771 Virginia
989 1678 1132 1773 gibbum

278 1789 460 1880 Accipere,
473 1800 573 1881 atque
585 1811 678 1855 suam
690 1784 812 1854 Rutilae
826 1785 915 1853 dare.
931 1784 1035 1856 Filius
1048 1802 1161 1856 autem
1294 1794 1335 1862 29⁵

275 1898 436 1991 Corporis
449 1896 572 1991 egregii
588 1896 729 1964 miseros
741 1894 956 1989 trepidosque
972 1910 1128 1989 parentes

275 2008 416 2102 Semper
429 2006 531 2075 hahet
550 2031 558 2072 :
582 2028 657 2073 rara
674 2017 724 2073 est
739 2002 822 2071 adeo
837 2005 1019 2073 concordia
1034 2005 1151 2074 lormae

275 2120 387 2213 Atque
407 2112 597 2212 pudicitiae!
615 2129 748 2185 sanctos
762 2114 841 2185 licet
854 2117 993 2187 horrida
1008 2142 1119 2187 mores

276 2320 394 2378 tonibnr
408 2320 650 2397 triumphaverat,
666 2322 794 2379 animam
809 2325 891 2381 velut
903 2333 1038 2381 ovantem
1050 2317 1241 2399 exspirasset?
1255 2324 1337 2395 Expe

277 2414 363 2471 tenda
376 2414 471 2471 luerat
490 2414 540 2471 illa
552 2414 691 2489 Pompeio
709 2414 813 2486 lebria,
832 2435 911 2490 quae,
930 2428 1069 2493 tanquam
1083 2417 1276 2473 calamitatum
1292 2413 1338 2488 ipsi

274 2508 502 2584 impendentium
513 2508 645 2584 praescia,
659 2510 793 2565 eumdem
805 2508 837 2565 in
850 2510 1005 2585 Campania
1017 2521 1185 2567 morantem
1198 2511 1336 2567 invaserat.

275 2600 336 2657 Sed
357 2611 427 2656 vota
445 2599 570 2657 infelicia
591 2599 783 2674 plurimarum
804 2601 938 2674 urbium,
961 2613 990 2659 et
1010 2601 1114 2678 populi
1130 2599 1337 2665 benevolentia,

275 2693 403 2765 Superos
423 2712 478 2767 pro
499 2692 560 2766 ejua
579 2692 777 2750 incolumitate
801 2695 1029 2769 comprecantie,
1053 2706 1141 2769 atque
1159 2695 1235 2751 adeo
1255 2693 1336 2749 laton

276 2783 427 2856 Pompeio,
438 2794 467 2838 et
476 2784 575 2839 Romae
586 2783 744 2853 infensum,
753 2804 770 2839 a
780 2784 843 2840 Diis
852 2786 1057 2860 impetrarunt,
1066 2798 1101 2842 ut
1110 2804 1146 2842 eo
1154 2786 1261 2843 morbo
1269 2785 1338 2839 lera-

275 2885 368 2943 retur,
381 2892 484 2946 nempe
497 2884 530 2928 ut
540 2892 557 2927 a
570 2874 681 2930 Caesare
699 2875 871 2943 debellatus,
885 2877 978 2950 capite
990 2887 1175 2935 truncaretur
1187 2902 1196 2937 ε
1208 2894 1266 2953 quo
1273 2890 1335 2930 cm·

270 2967 368 3036 ciatu,
381 2982 440 3039 quo
453 2963 596 3038 supplicio
613 2964 733 3021 aflectus
746 2986 808 3023 non
820 2978 863 3023 eat
876 2970 1027 3039 lentulum
1039 2989 1101 3026 nou
1117 2974 1274 3047 Cethegus,
1284 2982 1337 3023 1¹0n

276 3056 412 3126 Catilina,
427 3056 478 3130 qui
496 3056 573 3111 nulla
587 3058 719 3131 corporis
732 3069 815 3133 parte
824 3061 939 3129 avulsa,
951 3060 1057 3135 integri
1069 3062 1229 3136 perierunt.

316 3150 383 3227 289.
406 3150 500 3205 Mater
509 3149 610 3219 annia,
623 3150 737 3223 quoties
747 3152 887 3226 templum
897 3152 1019 3210 Veneris
1028 3153 1167 3226 intuetur,
1179 3154 1255 3211 filios
1263 3156 1336 3224 optat

273 3245 432 3311 formosos,
453 3238 526 3297 lilius
544 3240 634 3316 magis
648 3238 808 3298 formosas:
822 3261 878 3318 pro
897 3243 952 3299 illia
970 3262 1059 3319 parva
1072 3265 1159 3316 voce,
1174 3246 1228 3303 sed
1241 3236 1334 3315 majori

273 3355 329 3413 pro
345 3334 389 3391 his
403 3342 551 3408 precatur;
571 3350 624 3388 nec
639 3332 761 3389 modum
778 3334 810 3389 iu
830 3335 905 3391 votis
920 3336 1012 3391 ullum
1028 3347 1166 3395 tenet-
1179 3336 1260 3411 Quid
1278 3330 1334 3389 vitii

272 3440 374 3485 vourm
383 3426 456 3483 istuc
466 3424 573 3481 habet?
586 3443 639 3481 cur
650 3444 696 3481 me
711 3427 923 3501 reprehendar?
936 3428 1032 3503 inquit
1042 3429 1091 3485 illa
1104 3451 1111 3485 :
1125 3448 1224 3488 nonne
1234 3430 1333 3485 aaron·

271 3538 403 3596 magnam
423 3536 439 3575 e
458 3516 557 3573 Dianae
572 3517 789 3591 pulchritudine
807 3520 984 3594 voluptatem
1007 3530 1036 3575 et
1050 3520 1174 3595 gloriam
1194 3516 1287 3595 capit?
1300 3540 1336 3554 -

271 3612 396 3679 Fateor;
418 3619 447 3663 at
464 3607 600 3665 Lucretia
618 3606 793 3665 documento
811 3620 866 3679 est,
887 3628 974 3685 quarn
991 3611 1152 3685 periculosa
1167 3614 1206 3669 sit
1224 3602 1332 3683 insign¹⁵

270 3698 412 3771 ejusmodi
433 3699 635 3772 pulchritudo,
651 3702 765 3775 qualem
781 3701 842 3775 ipsa
863 3701 964 3757 habuit
977 3724 984 3759 :
999 3723 1053 3760 nec
1073 3705 1207 3781 Virginia
1218 3704 1332 3760 libenter

271 3790 330 3846 oris
352 3785 396 3845 sui
411 3788 580 3867 dignitatern
595 3811 660 3849 curn
672 3792 780 3849 Rutila
795 3792 885 3867 gibbo
900 3813 960 3851 non
976 3808 1111 3855 mutaret.
1125 3798 1216 3853 Filius
1230 3786 1331 3851 liberali

270 3894 300 3940 ct
314 3882 434 3937 honesta
454 3881 526 3938 facie
547 3884 686 3957 praeditua
702 3884 869 3942 continuam
888 3888 1056 3963 parentibus
1073 3889 1292 3945 sollicitudinem
1305 3889 1331 3936 e!

268 3985 377 4033 metum
391 3970 475 4029 attera
487 3992 493 4027 :
506 3975 613 4047 quippe
628 3993 696 4029 mro
713 3990 896 4034 venustatem
911 3997 975 4033 cum
987 3979 1132 4051 pudicitia
1139 3980 1273 4050 junctam
1287 3988 1329 4027 re·

260 4068 375 4143 perias.
393 4062 531 4133 Quamvis
549 4083 622 4137 puer
640 4065 757 4139 optimis
774 4069 905 4128 imbutus
919 4071 1065 4141 moribus,
1078 4072 1209 4147 quamvis
1225 4070 1329 4126 domet·
