2784 4917
261 382 440 450 SATIRA
461 383 653 453 DECIMA
674 385 875 467 QUARTA.
1043 385 1108 470 319

31 499 143 566 Sensit
155 495 360 585 Alexander,
374 511 457 568 testa
472 524 577 593 quum
594 490 683 568 vidit
697 497 733 566 in
748 495 804 568 illa

31 609 197 702 Magnum
210 609 458 696 habitatorem,
476 624 606 704 quanto
620 606 751 678 felicior
764 608 838 696 hic,
856 609 916 703 qui

30 716 83 786 Nil
104 734 267 814 cuperet,
284 743 386 812 quam
408 719 469 814 qui
487 733 597 788 totum
614 717 679 788 sibi
696 733 854 810 posceret
868 719 1003 806 orbern,

30 828 190 900 Passurus
205 830 307 925 gestis
321 830 486 926 aewmida
499 827 650 925 pericula
662 830 773 900 iebus.

74 936 223 1009 Nullum
236 963 364 1008 numen
378 940 497 1024 habes,
511 940 540 1008 si
552 939 596 1008 sit
609 936 791 1031 prudentia
805 962 815 1008 t
833 953 959 1025 noste,
1058 955 1108 1009 31⁵

32 1047 99 1116 Nos
117 1047 280 1135 facimus,
295 1051 465 1134 Fortuna,
479 1050 611 1117 Deam:
626 1070 785 1116 mensura
802 1061 913 1118 tamen
926 1073 1002 1144 quae

32 1158 185 1230 Sufficiat
196 1184 335 1246 census,
355 1161 382 1228 si
399 1159 544 1253 quisine
558 1154 727 1244 consulat,
746 1156 868 1228 edam

32 1269 71 1335 ln
84 1283 255 1361 quantum
268 1269 340 1338 sitis
353 1283 455 1362 atque
468 1267 573 1336 fames
587 1280 621 1334 et
633 1265 765 1361 frigora
776 1283 936 1361 poscunt,

33 1377 219 1466 Quantum,
230 1379 401 1473 Epicure,
415 1377 478 1447 tibi
495 1375 608 1470 parvis
621 1373 760 1445 suffecit
770 1375 806 1444 in
821 1375 944 1462 hortis,

35 1487 206 1575 Quantum
220 1488 385 1558 Socratici
400 1501 567 1582 ceperunt
582 1500 661 1555 ante
678 1499 828 1581 penates.
1056 1503 1109 1560 320

37 1599 228 1693 Numquam
242 1596 332 1668 aliud
344 1600 496 1686 Natura,
510 1595 606 1666 aliud.
613 1597 783 1691 Sapientia
798 1594 890 1664 dicit.

38 1709 175 1776 Acribus
193 1705 355 1802 exemplis
373 1705 492 1775 videor
508 1721 541 1775 te
559 1705 732 1776 claudere:
747 1706 850 1775 misce

38 1821 124 1912 Ergo
140 1818 267 1912 aliquid
282 1819 407 1888 nostris
424 1817 466 1886 de
480 1819 650 1912 moribus3
669 1815 767 1886 effice
780 1839 964 1900 summam,

40 1930 89 1996 Bis
105 1943 234 2023 septem
250 1927 425 1996 ordinibus
444 1952 545 2022 quam
562 1925 614 1996 lex
629 1925 791 2022 dignatur
804 1927 960 1996 Othonis.

40 2039 115 2107 llaec
127 2061 261 2132 quoque
277 2037 304 2106 si
320 2063 441 2133 rugam
454 2038 560 2106 trahit
572 2035 793 2129 extenditque
805 2033 982 2124 labellum
1058 2052 1109 2106 ³25

42 2151 137 2217 Sume
152 2148 236 2218 duos
251 2148 406 2241 Equites,
425 2147 479 2215 sac
494 2147 595 2216 tertia
609 2146 864 2241 quadringenta.

45 2385 149 2443 eudem
157 2387 307 2457 resarciet,
318 2384 449 2461 partibus
457 2383 578 2460 plumbo
590 2403 708 2442 rursum
719 2383 881 2458 conjunctis
893 2395 923 2442 et
934 2387 1110 2462 compositis.

43 2477 99 2533 Ubi
112 2480 272 2537 Alexander
282 2479 361 2535 bunc
370 2477 578 2553 philosophum
590 2489 718 2554 angustae
731 2487 808 2533 teste
825 2477 972 2555 ingentem
986 2480 1112 2537 incolam

45 2571 177 2646 adspexit,
193 2584 262 2631 tunc
277 2572 412 2647 prolecto
430 2571 591 2642 intellexit,
608 2581 719 2646 quatuo
738 2569 881 2646 insignior
899 2581 971 2627 esset
985 2571 1112 2630 hominis

46 2661 112 2717 nibil
123 2664 309 2722 desiderantis
319 2662 455 2733 felicitas,
470 2681 557 2737 quam
574 2661 652 2735 ejus,
667 2662 721 2737 qui
733 2662 823 2718 totius
837 2661 917 2719 orbis
930 2663 1111 2722 dominatum

47 2755 170 2827 ambiret,
186 2775 219 2812 ac
234 2755 320 2812 simul
334 2775 401 2812 cum
414 2774 516 2819 rerum
532 2765 678 2831 gestarum
693 2753 789 2833 gloria
810 2754 1007 2830 periculorum
1029 2778 1113 2817 acer·

48 2845 153 2906 bitatem
175 2850 351 2924 adaequaret.

82 2939 142 2998 315.
161 2943 277 2999 Nullam
292 2941 353 2998 vim
366 2939 473 3010 babes,
490 2940 637 3011 Fortuna,
657 2939 682 2996 si
704 2939 779 2996 adsit
797 2941 974 3017 prudentia3
994 2963 1048 3002 nos
1068 2954 1112 3001 et-

49 3033 114 3088 mim
129 3037 184 3092 soli
201 3054 314 3104 sumus,
331 3034 383 3109 qui
400 3044 429 3090 te
444 3032 476 3088 in
494 3031 618 3088 deorum
638 3051 761 3090 numero
776 3035 959 3092 collocemus.
981 3037 1112 3108 Quodsi

50 3125 102 3196 quis
115 3137 208 3184 tanren
221 3126 356 3201 exquirat
371 3145 387 3180 n
403 3144 468 3196 me,
486 3140 551 3201 quae
567 3123 691 3182 sufficiat
703 3143 838 3183 mensura
853 3128 975 3204 opibus,
995 3129 1109 3187 dicam:

51 3233 77 3270 es
94 3238 153 3294 qnae
176 3220 215 3277 sd
242 3217 472 3294 propulsandam
493 3217 620 3288 samem,
642 3217 737 3288 sitim,
763 3218 854 3295 frigus
875 3221 1031 3278 necessaria
1054 3233 1110 3296 est5

50 3327 99 3382 que
116 3311 182 3368 satis
199 3311 345 3386 Epicuro,
358 3309 405 3366 cui
417 3310 527 3367 victum
544 3310 648 3366 hortus
663 3310 824 3384 prebebat,
841 3311 909 3384 suin
926 3333 1012 3386 quam
1028 3325 1110 3370 antea

50 3399 163 3460 Socrates
182 3402 362 3478 possidebat.
385 3401 495 3457 Eadem
512 3420 626 3476 semper
643 3403 789 3476 sapientias
804 3423 863 3459 vox
880 3414 908 3460 et
925 3416 1034 3460 natura
1050 3417 1110 3477 est,

50 3491 133 3552 uilem
156 3497 213 3553 lex.
234 3494 367 3551 Videbor
391 3492 446 3550 tibi
472 3491 593 3551 fortasse
615 3495 714 3569 paullo
735 3494 880 3563 severior,
906 3495 957 3570 qui
978 3497 1110 3573 philoso-
1205 3531 1207 3538 ι

50 3585 158 3657 phorum
177 3588 301 3644 istorum
317 3585 395 3643 iuter
408 3587 539 3659 exempla
552 3584 630 3641 acria
645 3595 674 3641 te
691 3585 841 3643 includere
857 3587 966 3643 velim:
982 3598 1109 3664 tempera

51 3673 124 3751 igitur
135 3680 210 3738 hanc
223 3679 423 3749 severitatem,
444 3689 473 3736 et
490 3678 534 3734 illi
553 3677 591 3734 de
605 3679 808 3736 Romanorum
824 3677 973 3754 opulentia
992 3682 1109 3760 elegan-

51 3771 131 3848 tisque
144 3774 279 3832 nonnihil
295 3773 443 3830 admisce:
459 3791 610 3848 compara,
633 3790 687 3846 per
702 3791 749 3828 me
767 3771 851 3844 licet,
872 3791 1012 3831 summam
1031 3777 1109 3836 illam

52 3867 162 3936 pecuniae
182 3888 269 3944 quam
286 3868 367 3925 Otho
385 3868 448 3943 lege
466 3866 524 3921 lata
540 3863 598 3920 illis
616 3882 676 3919 esse
691 3861 802 3935 voluit,
821 3863 871 3938 qui
888 3865 1022 3925 sederent
1035 3889 1111 3946 qua-

53 3959 196 4016 tuordecim
214 3959 367 4016 ordinibus
387 3959 501 4014 theatro
514 3955 665 4032 proximis.
689 3955 721 4014 Si
736 3955 796 4013 haec
811 3957 865 4014 tibi
878 3959 915 4016 de
929 3979 1038 4019 summa
1049 3983 1109 4020 non

54 4046 154 4120 sufficit,
166 4051 190 4108 si
203 4071 267 4108 eam
280 4062 313 4108 ut
322 4050 408 4108 nimis
417 4060 569 4127 angustam
580 4048 667 4104 vultu
679 4049 754 4104 male
769 4059 907 4108 contento
923 4053 1046 4129 respuis,
1060 4055 1111 4110 ha-

56 4137 112 4198 beto
124 4164 188 4204 sane
199 4164 317 4205 censum
328 4144 455 4204 duorum
464 4142 609 4221 equiturn,
621 4141 712 4198 immo
723 4141 821 4200 trium.
835 4143 925 4216 Quod
943 4145 1109 4204 sinendum
