2784 4917
270 388 332 455 ¹9²
426 360 598 429 VARIAE
623 360 914 427 LECTIONES
937 361 1002 425 ET
1025 358 1178 427 NOTAE

259 482 348 537 Nune
366 498 496 551 perpense
515 477 646 547 Sesligeri
661 476 843 549 explicatione
860 490 888 529 et
903 478 1044 532 iuvenalis
1057 476 1167 532 diesndi
1181 490 1272 535 more,
1291 466 1342 541 qui

266 563 473 637 generalioribus
491 560 734 632 circumscriptiors
750 562 877 631 preferre
889 563 974 629 solet,
986 566 1070 615 erbeus
1082 580 1178 617 verum
1189 577 1248 613 esse
1262 566 1342 627 puto.

268 648 466 699 lacedemonius
474 648 539 697 orbis
548 656 589 697 est
598 647 696 695 marulo
705 643 734 695 in
741 661 876 697 marmore
885 646 1031 708 Laconico,
1036 648 1122 697 eisuuls'
1129 645 1235 713 speeiem
1240 654 1341 706 gem,

266 727 417 801 eujusmodi
429 728 540 782 macule
551 726 678 779 marmori
690 727 806 798 pretium
818 725 954 781 addidisse
962 727 1095 782 ridentur.
1108 726 1223 779 luhuuo
1231 736 1344 775 sensum

266 812 371 885 occipio
381 813 470 865 locum
480 812 542 879 Seu.
552 812 602 880 Ep.
613 810 657 879 87.
669 811 794 882 -Psuper
801 810 853 863 sibi
862 810 969 865 videtur
978 831 1009 865 se
1018 810 1154 875 sordidus,
1164 810 1217 864 uisi
1225 806 1344 879 perlem

265 897 370 968 mugnis
379 895 607 968 pretiosieorbibns
613 893 779 952 refulserint,
789 894 842 948 nisi
852 893 1034 948 Alexandrina
1041 911 1176 948 memore
1187 886 1344 945 Numidicis

266 979 362 1033 ornetis
372 977 499 1030 distinctu
513 977 574 1029 siut.
582 1001 593 1022 ι
610 974 744 1048 Equidem
755 974 894 1030 adsentior
905 977 1044 1039 Ferrsrio,
1060 991 1087 1031 et
1093 980 1198 1045 pytismu
1208 975 1265 1027 hoe
1277 974 1342 1024 loco

266 1080 321 1115 nou
332 1059 415 1113 modo
424 1060 535 1113 salivam
544 1077 590 1111 seu
598 1072 720 1130 sputum,
728 1058 775 1111 sed
784 1059 866 1112 etium
875 1079 978 1114 merum
987 1062 1088 1133 largius
1095 1061 1225 1113 haustum
1231 1054 1344 1127 orisque

265 1156 434 1197 excrementa
449 1141 503 1196 dici
515 1140 689 1208 crediderim,
704 1140 827 1214 adeoque
840 1141 977 1215 designari
987 1159 1015 1199 et
1028 1144 1165 1198 hominem
1178 1142 1343 1215 opulentum

266 1224 443 1297 eumdemque
463 1224 630 1279 luxuriosum
651 1242 683 1277 ee
704 1236 873 1295 potatorem,
885 1224 932 1298 qui
949 1225 1085 1298 ejusmodi
1096 1226 1240 1301 pytismate
1257 1227 1342 1274 orben

266 1314 369 1369 aad„
386 1326 519 1373 mensum,
530 1326 576 1361 seu
586 1306 771 1380 pavimentum
781 1326 976 1375 munnoreum,
990 1312 1104 1376 lubricet,
1122 1309 1286 1363 msdefsoist
1297 1320 1342 1359 st·

265 1410 318 1463 que
333 1391 468 1464 inquinet,
485 1404 511 1444 et
523 1388 693 1462 splendidum
702 1392 759 1463 ejus
775 1390 886 1446 domum
896 1395 907 1462 (
917 1394 962 1447 eui
972 1396 1069 1449 isms'lis
1080 1413 1119 1447 vs.
1136 1398 1200 1462 169,
1212 1392 1344 1465 oppositu

265 1486 305 1528 est
315 1477 338 1544 ),
351 1486 426 1547 purte
437 1475 517 1543 (urbs
528 1477 617 1527 laced
628 1475 699 1545 )pro
714 1486 772 1529 toto
781 1476 879 1547 posits.
891 1477 936 1531 Sie
947 1479 1063 1531 multum
1072 1490 1100 1531 et
1109 1476 1237 1550 ponderis
1246 1490 1274 1530 et
1283 1496 1344 1535 ser·

265 1558 348 1612 aemi
364 1558 433 1611 inest
451 1558 495 1610 his
511 1558 599 1611 verbis
617 1569 699 1629 etque
716 1560 849 1622 sententis
867 1559 1014 1615 admodum
1031 1574 1210 1616 eonsentsues
1223 1573 1282 1613 tum
1299 1560 1344 1613 iu·

265 1643 344 1715 genio
358 1654 444 1715 poete
459 1642 583 1716 satyrici,
601 1653 659 1694 tum
677 1643 800 1695 moribus
817 1643 890 1697 illius
906 1644 969 1708 uvi,
988 1646 1122 1717 precipue
1142 1663 1205 1699 sero
1222 1643 1343 1717 spurcis-

265 1727 338 1780 simis
351 1726 591 1779 comessationibus
604 1725 879 1797 obscenitatibusque
886 1725 970 1780 modo
980 1729 991 1796 (
997 1746 1036 1782 vs.
1050 1732 1098 1781 ¹62
1108 1746 1163 1799 seq.
1174 1741 1202 1780 et
1213 1746 1263 1797 ¹70
1272 1730 1344 1799 seq.)

264 1810 426 1863 memoretis.
439 1808 542 1862 Eadem
557 1811 678 1862 firmetur
689 1809 757 1863 loeis
767 1809 845 1863 simil.
855 1811 912 1874 vl,
925 1817 977 1880 ⁴²9
988 1829 1044 1883 seq.
1054 1823 1166 1884 et,·quu
1178 1811 1217 1865 ibi
1228 1811 1343 1865 laudata

264 1906 340 1957 suut,
354 1893 448 1946 Horat.
468 1890 521 1946 Od.
534 1894 576 1953 11,
596 1898 640 1957 sl,
654 1911 700 1963 27,
717 1892 776 1945 Cic.
795 1891 864 1947 Phil.
883 1894 929 1958 11,
947 1899 990 1958 41,
1007 1906 1035 1947 et
1052 1894 1122 1948 Sele.
1143 1896 1195 1960 lv,
1212 1893 1249 1947 ud
1263 1895 1342 1948 Eccl.

264 1977 342 2029 Ceth.
370 1975 425 2029 Cur
440 1994 504 2029 vero
520 1976 609 2027 minor
628 1975 768 2046 spurcities
785 1976 820 2028 ub
840 1977 903 2030 hoc.
921 1976 984 2030 loeo
1000 1978 1090 2033 eliens
1107 1993 1159 2044 est,
1179 1980 1204 2034 si
1220 1981 1342 2052 majores

264 2056 400 2127 eidemrei
413 2058 589 2121 conveniunt,
600 2068 627 2109 et
639 2076 675 2111 vs.
689 2061 840 2137 rtis-¹72,
852 2059 1029 2115 tribuuntur?
1041 2072 1050 2097 ¹

629 2262 631 2272 1
687 2230 919 2253 mmm

301 2361 311 2387 ¹
329 2356 381 2403 Jos.
391 2352 478 2418 Suslig.
486 2352 518 2401 sd
529 2352 616 2401 Msnil.
628 2368 654 2416 p.
664 2368 699 2401 m.
712 2353 777 2413 454,
821 2354 887 2401 Suet.
902 2352 968 2419 Aug.
983 2355 1031 2414 68,
1046 2366 1108 2405 extr.
1119 2356 1175 2424 (ubi
1189 2366 1269 2405 temen
1283 2358 1339 2407 vid.

258 2430 469 2501 pisrsma(immo
476 2428 605 2497 pytismu)
616 2430 777 2479 relerebstutl
821 2432 904 2480 Burm.
924 2444 948 2481 et
966 2433 1093 2501 Ernesti),
1113 2446 1138 2483 et
1156 2439 1232 2501 msgis
1252 2436 1339 2484 erdem

263 2507 381 2562 xo'rrussus
397 2528 440 2559 seu
457 2504 625 2577 κοτταῧισμὸν,
641 2524 719 2574 genus
737 2508 776 2556 lu·
821 2510 1045 2570 lacedemonum,
1064 2524 1188 2579 sumptum
1208 2530 1240 2562 ex
1262 2516 1340 2563 Anis-

264 2592 358 2652 deudi,
372 2607 422 2655 quo
437 2591 523 2653 siupm
537 2606 551 2636 s
566 2598 628 2653 potu
643 2588 670 2636 iu
686 2586 777 2651 poculo
820 2588 890 2652 toph.
909 2589 949 2637 eui
968 2590 1060 2639 Cliuiss
1077 2592 1157 2640 dietus
1175 2590 1338 2657 seutiam,

262 2673 397 2734 reliquum,
413 2670 447 2718 its
457 2670 483 2717 iu
497 2668 573 2718 situm
587 2666 737 2737 jseiebstnr,
749 2676 777 2714 ut
820 2666 887 2715 uude
904 2669 1013 2739 Hesyels.
1033 2668 1186 2730 λακωνίζειν,
1208 2665 1338 2730 reditui:

263 2751 290 2798 iu
305 2766 380 2798 tereus
394 2749 491 2797 eederet
507 2747 601 2813 phislss
618 2763 662 2795 seu
677 2746 775 2811 pelves,
819 2747 935 2813 χρῆσθαι,
949 2757 974 2794 et
987 2748 1088 2813 Eupolis
1101 2754 1162 2817 puis
1178 2750 1338 2815 λακωνίζεινς

262 2840 299 2888 et,
318 2828 339 2875 si
356 2826 442 2874 abhis
459 2835 521 2873 tsots
540 2835 603 2873 esset
618 2842 678 2874 eres
695 2835 775 2874 stetus
812 2826 987 2889 pytrimerero
995 2829 1205 2892 proreobsooeus
1217 2834 1341 2895 sumi,ut

263 2903 368 2973 (μάνης)
377 2940 384 2965 ,
392 2904 439 2953 sub
448 2904 497 2952 illis
508 2906 599 2967 posits,
609 2906 706 2953 sonitus
717 2906 728 2969 (
733 2902 775 2954 λά-
817 2916 923 2970 sputam,
930 2905 1042 2967 salivares,
1049 2924 1136 2969 mrem,
1143 2926 1338 2976 seruus.spnere,

262 2980 323 3051 τιξ)
333 2984 447 3033 ederetur
457 2982 526 3049 (rid.
543 2984 632 3031 Posteri
649 2984 773 3034 Amheol.
818 2984 948 3048 despuere,
960 2988 1125 3052 perdespusre
1142 2990 1226 3054 (spud
1244 2991 1341 3042 Cstull.

261 3065 305 3113 Gr.
315 3065 361 3121 IV,
372 3079 419 3120 so,
433 3078 488 3127 μς.
503 3077 551 3122 prs
562 3078 613 3125 seq.
625 3076 688 3111 vers.
698 3065 773 3111 Rem·
789 3078 792 3081 ’
818 3064 934 3125 um,
948 3066 972 3125 ³,
984 3066 1028 3114 ubi
1041 3077 1122 3117 tsmeu
1135 3068 1186 3118 vid.
1204 3070 1296 3135 Srslig.
1310 3084 1337 3120 et

260 3143 355 3207 buch).
375 3143 440 3189 iiiuc
455 3140 569 3205 putsbst,
587 3156 685 3189 nusum
698 3140 773 3201 huius
817 3144 954 3211 Doerlng.)
962 3161 1063 3194 vomere
1071 3148 1138 3213 spud
1147 3148 1243 3196 Aruob.
1253 3150 1336 3199 sdeo·

259 3218 424 3271 loclessezNe
431 3232 575 3284 exspectent
582 3235 696 3283 paupere,
703 3220 772 3283 quod
817 3237 865 3285 que
877 3238 977 3270 sensim
985 3222 1063 3284 huius
1074 3226 1123 3274 lori
1132 3243 1198 3275 esse:
1209 3228 1254 3291 qui
1265 3244 1336 3279 nors

260 3300 470 3366 eioompetit,qui
478 3297 771 3363 nouplelseiummtuos,
816 3300 993 3365 Elephantidos
1011 3302 1091 3367 ligure
1112 3305 1207 3354 undum
1227 3308 1336 3371 supius·

258 3381 440 3446 perimentum,
456 3378 499 3427 sed
517 3379 651 3444 pretiosum
670 3380 770 3429 crustis·
815 3388 916 3444 tumque
928 3382 956 3428 iu
971 3393 1084 3432 ventrem
1099 3385 1259 3434 exserrsudis
1270 3404 1335 3438 ure.

258 3476 307 3525 que
328 3458 470 3509 marmoreis
488 3457 673 3507 rermieulstum
687 3457 770 3523 pytis-
815 3459 917 3509 dinibus
933 3460 1032 3526 flugitst.
1054 3489 1091 3501 —
1111 3465 1225 3533 Plerique
1246 3467 1333 3533 intpp.

222 3600 227 3609 ⁴
258 3540 414 3604 maeetingit.
434 3536 482 3585 Sed
493 3538 518 3585 iu
531 3536 575 3585 illo
588 3537 650 3595 ludo
664 3537 770 3586 msxirue
813 3540 1030 3589 innuicredebtnt
1042 3543 1164 3591 annulum
1173 3545 1266 3607 equitis
1278 3548 1333 3596 sue·

258 3620 393 3668 uerendum
407 3630 470 3678 erut,
485 3634 516 3667 ne
533 3616 594 3681 quid
608 3617 661 3665 vini
675 3617 703 3666 in
720 3630 770 3666 ter·
813 3620 900 3681 quenti
915 3620 990 3668 sslive
1002 3620 1162 3680 lubricatum,
1179 3633 1204 3670 et
1218 3636 1334 3675 osteuts·

259 3712 322 3755 mm,
331 3714 374 3746 ssu
384 3698 549 3762 perimentum
561 3696 668 3757 cederet,
678 3707 772 3761 etquu·
814 3699 889 3747 tionis
899 3716 971 3747 esuss
981 3700 1097 3749 indutum
1110 3702 1200 3767 sapius
1209 3718 1238 3751 ac
1249 3706 1335 3756 detm-

258 3775 334 3824 modo
348 3778 469 3835 viuum,e
482 3775 572 3842 poeulo
586 3776 704 3837 ell'usutn,
717 3794 770 3827 nou
813 3788 893 3839 otum3
908 3772 1034 3827 Nievero
1043 3779 1173 3840 Heinsius,
1183 3781 1216 3829 eb
1230 3785 1333 3835 lleuni·

258 3870 317 3901 sero
336 3866 485 3919 mpetum,
509 3854 634 3922 πύτισμει,
655 3867 769 3920 sputum,
814 3858 858 3905 uio
873 3857 1014 3917 consultus,
1033 3869 1103 3909 uota
1121 3862 1213 3909 umoris
1230 3862 1333 3927 liquore

259 3933 309 3981 diei
322 3936 420 3997 putenti
431 3962 465 3971 -
480 3933 615 4002 Grungoeus
625 3938 768 4001 suspiesbs-
814 3936 866 3984 riui
880 3936 908 3984 iu
919 3952 1003 3985 menes
1014 3937 1107 3987 duetus.
1121 3940 1177 3989 Alis
1187 3956 1242 3991 nou
1250 3946 1332 4010 magis

259 4023 306 4071 tur,
313 4012 393 4061 orbem
399 4011 538 4077 signilicsre
546 4014 606 4077 quid
613 4016 769 4080 propudiosi,
813 4016 952 4082 probsbilis
967 4020 1095 4080 oonjeoere
1106 4021 1179 4069 Voss.
1193 4023 1226 4070 sd
1238 4025 1330 4077 Cstull.

258 4093 348 4141 seilicet
362 4089 468 4158 μολύνιιν
481 4088 647 4158 nutrimur,
663 4106 692 4144 ut
702 4096 769 4160 spud
812 4112 868 4161 μς.
878 4093 925 4161 59,
938 4097 981 4145 lio.
993 4097 1130 4149 Politisuns
1144 4101 1284 4165 Epistxt,
1298 4106 1331 4165 ⁶;
