2784 4917
402 424 592 487 saulus
614 424 822 489 DECIMA.
1103 424 1145 507 59

88 532 290 623 Torrentem,
304 552 338 607 et
353 536 445 632 pleni
459 538 690 645 querantem
705 538 800 608 frena
814 540 944 610 theatri.
1024 562 1032 582 ⁶

88 644 140 712 Dis
153 642 205 714 ille
218 645 369 717 adversis
382 646 534 741 genitus,
549 646 686 741 fatoque
701 649 855 737 sinistro,

87 751 183 840 Quem
194 770 292 849 pater
306 756 453 827 ardentis
467 782 582 829 massae
597 756 738 852 fuligine
752 757 882 853 lippus,
1095 770 1145 824 130

88 865 261 935 Acarboue
275 880 310 935 et
322 866 525 963 forcipibus,
543 867 737 963 gladiosque
754 885 895 963 parante

89 973 213 1059 luendo,
229 974 373 1047 11111111
387 975 541 1047 Vulcano
556 978 598 1047 ad
614 978 751 1049 rhetora
764 981 863 1049 misit.

129 1084 289 1155 Bellorum
301 1090 444 1175 exuviae,
457 1090 586 1159 truncis
600 1088 701 1157 affixa
713 1089 849 1183 tropaeis

90 1194 212 1283 Lorica,
228 1212 263 1266 et
274 1196 381 1267 fracta
393 1200 434 1269 de
444 1199 571 1269 casside
587 1198 732 1269 buccula
744 1199 917 1295 pendens,

44 1372 48 1379 ,
89 1304 264 1375 Etcurtum
280 1308 563 1404 temonejugum‚
577 1310 747 1403 victaeque
762 1310 907 1380 triremis
1098 1321 1147 1377 131

88 1413 245 1507 aplustre,
260 1432 294 1486 et
310 1442 443 1487 summo
457 1420 561 1489 tristis
577 1420 732 1513 captivus
745 1420 780 1487 111
794 1444 892 1505 arcu,

16 1594 17 1597 ,
89 1524 237 1595 Humanis
254 1527 385 1619 majora
400 1528 498 1597 bonis
512 1528 702 1599 creduntur
717 1556 727 1597 ε
744 1529 787 1597 ad
805 1528 879 1598 haec
893 1554 928 1597 se

89 1634 246 1705 Romanus
260 1638 452 1732 Graiusque
467 1662 506 1709 ac
522 1638 685 1709 barbarus
702 1639 930 1733 eudoperator

89 1744 213 1813 Erexit:
228 1772 358 1817 caussas
372 1748 574 1817 discriminis
589 1762 688 1842 atque
702 1748 845 1818 laboris*

89 1853 162 1921 Inde
174 1842 289 1953 habdit
303 1882 311 1927 :
330 1872 423 1927 tanto
437 1858 546 1952 major
559 1858 656 1929 farnae
671 1861 744 1929 sitis
755 1874 819 1945 est,
833 1884 935 1953 quam
1101 1880 1149 1935 rto

88 1962 228 2033 Virtutis.
248 1967 334 2055 Quis
348 1968 439 2037 1111111
454 1968 617 2037 uirtutem
632 1968 850 2064 amplectitur
864 1969 987 2063 ipsam,

89 2072 215 2143 Praemia
227 2077 254 2144 si
269 2075 387 2145 tollas?
401 2079 548 2147 Patriam
564 2094 675 2147 tamen
692 2079 807 2148 obruit
823 2077 915 2147 olim

90 2178 195 2252 Gloria
208 2208 411 2279 paucorum,
426 2202 461 2255 et
476 2186 583 2257 laudis
596 2188 752 2283 titulique
770 2189 894 2284 cupido

90 2414 275 2487 suspiciebant.
283 2419 507 2477 Demosthenem
515 2421 734 2495 profectoiratis
740 2433 840 2478 natum
849 2440 909 2478 esse
918 2419 1151 2495 Superis,iufeu-

90 2504 173 2578 sisque
181 2506 242 2564 fatis
256 2510 404 2583 oportuit,
419 2530 506 2586 quem
518 2531 621 2588 parens
632 2514 728 2589 lippus
739 2515 778 2570 ob
792 2513 864 2570 fumi
879 2512 1028 2587 fuliginem
1038 2522 1067 2567 et
1082 2530 1150 2567 can·

90 2596 173 2655 derrtis
181 2600 251 2657 ferri
259 2620 373 2676 massus,
384 2622 454 2678 quas
463 2616 585 2661 tractare
592 2615 781 2662 consueverat
786 2646 795 2676 ‚
802 2604 902 2677 jussit,
911 2602 1012 2659 relicta
1025 2600 1149 2672 officina,

91 2691 181 2747 cumini
190 2704 217 2750 et
226 2696 360 2753 carbonis
369 2696 498 2772 squalida
505 2699 639 2769 crassitie,
648 2698 808 2773 forcipibus
817 2708 846 2753 et
853 2696 969 2763 incude,
979 2697 1010 2751 in
1019 2714 1075 2771 qua
1086 2696 1149 2772 gla-

90 2781 350 2861 diifabricabantur,
357 2790 552 2847 adrhetoricae
562 2790 755 2865 professorem
763 2790 794 2845 111
803 2789 904 2845 ludum
914 2787 1086 2845 litterarium
1097 2788 1148 2843 ire.

125 2877 181 2934 133.
200 2882 245 2937 Ita
259 2883 350 2958 vulgo
363 2902 530 2957 persuasum
547 2883 701 2955 habemus,
713 2882 803 2958 spolia
814 2883 947 2939 hostibus
962 2892 1075 2957 erepta,
1095 2900 1149 2937 ex-

91 2969 221 3031 1111111111
231 2976 362 3032 mutilata
372 2996 481 3052 quercu
492 2978 667 3052 trophaeum,
680 2996 715 3033 ex
725 2996 818 3052 eoque
826 2996 994 3053 suspensum
1003 2976 1150 3032 thoracem

91 3062 216 3139 ferreum,
235 3079 264 3125 et
274 3068 426 3127 bacculum
443 3069 478 3127 de
492 3071 582 3128 fracta
596 3072 675 3147 galea
692 3070 881 3147 pendentem,
892 3070 995 3146 jugum
1007 3088 1022 3122 a
1034 3078 1150 3123 temone

92 3161 290 3231 monaahum,
310 3162 462 3235 dereptum
477 3162 588 3219 evictae
605 3162 686 3219 navis
699 3180 788 3237 prora
804 3172 1022 3228 ornamentum
1037 3165 1150 3214 erectos

91 3246 116 3303 in
131 3251 367 3327 triumphantium
381 3255 525 3311 honorem
545 3254 684 3323 fornices,
702 3254 734 3310 in
745 3270 905 3328 eorumque
918 3268 1052 3326 suprema
1067 3258 1151 3323 parte

91 3342 182 3413 positas
201 3362 217 3400 e
235 3362 305 3400 saxo
324 3342 431 3420 effigies
450 3345 646 3421 captivorum
665 3347 739 3416 haec,
750 3345 883 3420 inquam,
900 3342 997 3398 omnia
1008 3356 1150 3397 summum

90 3429 115 3485 iu
131 3434 260 3492 humanis
276 3436 363 3493 bonis
378 3436 512 3494 obtinere
529 3438 642 3509 locum,
664 3438 757 3513 iisque
773 3436 911 3492 mortales
924 3432 961 3489 ad
978 3432 1056 3506 ipsos
1073 3432 1151 3485 Deos

90 3526 161 3582 111111
171 3528 357 3585 arbitramur.
369 3530 437 3585 Haec
447 3529 496 3586 illa
507 3540 587 3599 sunt,
607 3550 670 3606 quae
682 3541 717 3586 ut
733 3536 981 3602 consequerentur
995 3522 1089 3579 Graeci
1099 3540 1153 3597 pa·

89 3615 152 3673 riter
159 3638 190 3677 11
201 3622 328 3677 Romani
339 3621 427 3678 duces
438 3622 613 3697 barbarique
621 3622 826 3698 imperatores,
839 3618 914 3675 nihil
923 3618 1054 3673 inausum
1067 3617 1151 3673 inex-

88 3720 250 3786 pertumque
265 3712 465 3787 reliquerunt3
483 3734 544 3771 eam
558 3715 672 3773 obrem
686 3725 731 3770 111
743 3732 772 3769 se
782 3708 932 3788 periculis,
947 3721 992 3766 tot
1002 3708 1151 3766 laboribus

89 3802 262 3875 objecerunt,
279 3825 352 3881 quos
366 3826 453 3863 nemo
467 3808 584 3865 virtutis
603 3806 788 3881 assequendae
805 3822 901 3861 caussa
916 3802 1063 3879 suscipiat}
1077 3802 1150 3859 adeo
1211 3814 1215 3820 “

89 3906 190 3951 constat
200 3897 332 3954 1111111111
341 3898 422 3955 farne
433 3918 520 3973 quam
534 3898 650 3955 virtutis
663 3896 807 3953 avidiores
821 3898 893 3953 esse!
907 3898 1001 3967 Quem
1012 3894 1090 3950 enim
1102 3911 1150 3947 re-

89 3989 184 4061 perias,
199 3990 250 4065 qui
267 3990 405 4050 virtutem
420 3993 525 4063 solam,
541 3992 653 4047 sublata
666 4008 717 4065 spe
734 3989 875 4047 mercedis
890 4009 923 4044 ac
940 3987 1066 4064 praemii,
1079 4002 1150 4039 con-

90 4084 223 4139 sectetur?
234 4082 315 4141 Hauc
325 4094 422 4141 tamen
438 4083 572 4141 bellicam
585 4084 700 4140 landem
714 4084 782 4139 dum
795 4083 879 4158 pauci
891 4081 1009 4156 qnidam
1019 4076 1151 4132 ambiunt

91 4186 266 4250 prepostero,
289 4174 490 4235 florentissima
515 4176 634 4253 imperia
659 4194 798 4253 suamque
819 4174 942 4252 patriam
964 4178 1150 4236 everterunt,
