2784 4917
235 438 254 499 8
508 439 549 500 D.
577 434 718 500 JUNll
743 436 1026 502 tuvuustts

233 562 414 650 Instabile,
429 588 468 632 ac
487 562 598 632 dirimi
617 576 786 657 coeptum,
805 578 839 656 et
852 564 923 656 jam
937 587 1030 657 pene
1046 562 1193 631 solutum

231 674 458 770 Conjugium,
477 674 512 741 in
528 670 641 742 multis
656 673 813 747 domibus
829 672 975 742 servavit
988 668 1136 740 adulter!
1260 679 1295 731 8ο

232 784 311 871 Quo
327 800 361 853 te
380 781 608 878 circumagas?
621 806 696 877 quoe
712 784 824 877 prima
836 798 895 851 aut
910 782 1028 850 ultima
1042 780 1183 875 ponas?'

233 896 373 967 Nullum
389 920 471 989 ergo
484 897 641 965 meritum
658 910 711 963 est
718 911 735 976 ,⁰
743 895 874 987 ingrate
889 916 928 960 sc
942 890 1089 984 perfide,
1104 889 1248 971 nullum,

234 1006 336 1094 Quod
350 1006 410 1075 tibi
425 1002 561 1091 filiolus,
578 1004 670 1099 quod
686 1004 755 1072 filia
772 1002 921 1071 nascitur
934 1026 977 1072 ex
990 999 1063 1069 me?

234 1114 337 1184 Tollis
352 1114 461 1201 enim,
477 1130 510 1183 et
525 1114 616 1183 libris
631 1130 783 1183 actorum
798 1137 957 1209 spargere
973 1111 1099 1208 gaudes

234 1230 443 1318 Argumenta
459 1224 535 1291 viri.
554 1224 695 1293 Foribus
712 1222 881 1317 suspende
893 1246 1053 1307 coronas,
1264 1234 1296 1286 ts

235 1338 308 1403 lam
323 1348 418 1427 pater
433 1358 488 1420 es3
503 1332 674 1420 dedimus,
692 1332 784 1427 quod
800 1332 898 1401 famae
912 1355 1087 1426 opponere
1103 1331 1230 1424 possis:

236 1448 254 1513 J
257 1470 317 1514 ura
330 1446 478 1539 parentis
493 1445 614 1531 babes3
631 1460 771 1538 propter
786 1468 840 1511 me
855 1444 1013 1512 scriberis
1026 1429 1150 1530 heres,

236 1556 400 1647 Legatum
416 1576 514 1621 omne
532 1554 640 1647 copis,
657 1576 804 1621 necnon
821 1566 855 1618 et
872 1547 971 1620 dulce
986 1551 1161 1620 caducum.

237 1663 422 1733 Commoda
440 1678 602 1759 preterea
617 1663 808 1757 jungentur
822 1659 929 1729 multa
943 1658 1094 1745 caducis,

239 1774 273 1841 Si
289 1798 485 1860 numerum,
499 1776 526 1841 si
540 1788 608 1847 tres
621 1772 817 1866 implevero.

650 1918 886 1965 Juvenum&

853 2020 947 2085 Justa
961 2015 1106 2101 doloris,
1270 2048 1306 2099 90

241 2130 395 2215 Naevole,
411 2152 509 2198 causa
523 2128 572 2197 tui
587 2153 596 2196 τ
611 2143 729 2205 contra
742 2141 855 2197 tamen
868 2126 923 2195 ille
937 2125 1018 2221 quid
1033 2125 1160 2195 affert?

668 2276 872 2323 umvosus

288 2375 453 2472 Negligit3
467 2389 567 2467 atque
581 2373 682 2441 alium
696 2329 851 2466 bipedem
866 2371 928 2439 sibi
943 2370 1061 2464 quaerit
1075 2371 1225 2442 asellum.

123 2622 127 2629 -
239 2589 307 2645 lecti
329 2590 469 2663 crepiturn
487 2599 517 2645 et
533 2586 632 2645 uxoris
654 2595 711 2643 tuoe
725 2583 875 2659 gannitum
890 2583 1009 2640 nuribus
1027 2583 1188 2658 percepisti.
1207 2585 1310 2641 Multis

240 2680 271 2736 in
283 2682 417 2737 domibus
427 2682 593 2758 eonjugium
607 2676 756 2746 instabile,
765 2677 857 2733 immo
867 2677 1015 2751 quodiam
1025 2676 1055 2733 in
1064 2688 1184 2747 eoemt,
1193 2689 1225 2734 ut
1236 2678 1311 2735 diri-

240 2780 384 2837 meretur,
398 2773 575 2845 omninoque
587 2772 810 2839 dissolveretur,
825 2769 951 2825 adulteri
962 2768 1105 2825 beneficio
1119 2781 1266 2826 servatum
1280 2782 1312 2828 et

240 2860 440 2920 confirmatum
456 2874 506 2919 est.
529 2864 662 2931 Quonam
684 2873 713 2917 te
734 2862 849 2919 vertas?
864 2880 928 2936 quas
941 2879 1019 2915 nunc
1028 2862 1082 2918 eel
1097 2860 1188 2936 prima
1204 2880 1311 2935 ponas,

240 2956 287 3011 vel
302 2952 419 3009 ttltims?
435 2953 578 3027 numquid
593 2972 680 3029 ergo,
695 2954 809 3030 ingrate
823 2972 856 3009 sc
873 2950 999 3025 perfide,
1013 2951 1086 3009 nibil
1101 2953 1138 3010 de
1156 2962 1184 3008 te
1198 2954 1311 3023 merui,

241 3044 321 3122 quod
332 3062 397 3101 meo
411 3043 552 3101 beneficio
565 3041 656 3101 lilium
674 3056 703 3102 et
719 3044 807 3102 tiliam
821 3064 857 3101 ex
871 3064 964 3101 uxore
977 3056 1027 3101 tua
1038 3046 1215 3121 susceperis?
1232 3048 1312 3104 tollis

241 3138 318 3196 euim
332 3136 439 3195 liberos
453 3154 517 3210 quae
533 3147 599 3193 sunt
618 3136 725 3209 indicis
741 3137 901 3207 virilitatis3
917 3148 948 3193 et
961 3136 1020 3193 baec
1038 3148 1206 3211 argumenta
1226 3138 1313 3196 libris

240 3240 370 3289 notorum
387 3228 571 3303 publicorum
588 3229 664 3286 inter
677 3230 749 3287 elios
767 3248 829 3287 uon
846 3232 935 3287 semel
949 3232 1056 3306 gaudes
1070 3231 1237 3288 inscribere.
1258 3234 1314 3290 Eis

239 3344 307 3401 age,
317 3335 415 3398 portas
425 3322 528 3379 domus
542 3334 596 3379 tuae
609 3322 753 3397 suspensis
764 3323 880 3379 coronis
891 3342 1014 3391 exorna,
1027 3323 1083 3396 jsm
1093 3336 1176 3398 pater
1185 3344 1229 3393 es;
1241 3325 1313 3383 dedi

240 3414 310 3484 tibi,
330 3414 408 3471 uude
421 3412 540 3481 samum,
551 3414 598 3469 vel
609 3413 706 3487 potius
716 3412 862 3469 inluuiem
875 3426 952 3471 tusus
967 3414 1119 3471 confutare
1132 3416 1242 3489 possis:
1256 3435 1313 3490 per

239 3524 286 3567 me
299 3507 364 3579 jura
376 3507 465 3583 patris
477 3505 581 3574 babes3
594 3524 647 3579 per
658 3524 705 3563 mc
718 3505 899 3580 scribipotes
908 3505 940 3561 iu
949 3507 1126 3563 testamentis
1138 3508 1245 3576 hieres3
1256 3526 1314 3582 per

239 3614 286 3653 me
297 3616 397 3671 capere
407 3600 493 3667 vales,
504 3598 709 3673 quodcumque
720 3594 773 3653 tibi
783 3597 910 3671 legatum
917 3596 1017 3666 (πενίη
1025 3608 1112 3671 utque
1120 3598 1207 3654 etism
1214 3598 1315 3657 dulcis

239 3696 268 3745 et
283 3684 439 3759 insperata,
457 3709 520 3765 quae
534 3690 595 3747 siue
608 3708 654 3745 rue
669 3689 857 3763 perdidisses;
874 3699 1011 3762 praeterea
1023 3689 1067 3745 bis
1079 3690 1195 3747 caducis
1206 3692 1316 3768 junges

241 3776 329 3836 multa
350 3778 403 3833 ulia
424 3782 592 3853 commodo,
615 3782 639 3837 si
660 3780 714 3837 tibi
730 3780 818 3837 trium
836 3781 997 3837 liberorum
1015 3800 1169 3839 nusuerum
1188 3784 1314 3860 legalem

240 3866 407 3942 implevero.

279 3976 326 4034 9⁰·
342 3974 405 4013 rur.
421 3961 448 4016 Ο
461 3960 592 4028 Naevole,
601 3962 667 4033 jure
676 3963 758 4022 doles
767 3977 798 4023 et
812 3964 942 4040 quereris
952 3965 992 4021 de
1002 3976 1059 4021 tam
1070 3984 1158 4024 avaro
1168 3978 1317 4042 patrono:-

238 4067 339 4109 verum
355 4048 426 4123 quid
441 4048 489 4104 ille
505 4050 561 4107 tuis
577 4052 702 4125 querelis
715 4057 892 4130 respondet?

276 4162 324 4223 φ.
346 4160 419 4199 w.
442 4142 521 4199 nisu
533 4160 579 4213 en
591 4155 688 4215 cunt,
704 4157 734 4212 et
744 4148 833 4217 arrum
844 4150 963 4207 anuum
974 4150 1109 4226 bipedem
1122 4113 1316 4231 eminuerit,-
