2784 4917
273 370 461 436 stultia
483 369 684 456 uacuis
706 369 909 454 QUINTA.
1067 377 1127 463 37¹

50 485 170 555 Nullus
185 483 278 580 apud
296 486 442 580 tragicos
458 485 606 580 populus
621 485 704 556 lacit
719 512 727 554 :
748 491 878 583 accipe,
892 503 1007 560 nostro

51 597 129 664 Dira
142 597 239 690 quod
252 593 443 690 exemplum
457 594 574 666 feritas
587 595 788 690 produxerit
801 623 883 668 aevo.

95 709 192 775 Inter
211 705 373 775 finitimos
390 721 488 776 vetus
503 721 606 800 etque
621 707 761 801 antiqua
777 709 944 797 simultas,

52 814 245 884 Immortale
264 815 402 903 odium,
422 831 456 885 et
471 839 658 910 numquam
673 817 822 886 sanabile
839 817 962 891 vulnus

54 924 155 994 Ardet
168 924 283 994 adhuc
298 929 426 1020 Coptos
445 939 480 994 et
493 927 666 1018 Tentyra:
684 951 836 998 summus
850 931 1021 1026 utrimque
1101 913 1134 999 ti

54 1035 134 1103 Inde
151 1033 253 1103 furor
267 1033 388 1130 vulgo,
409 1033 502 1129 quod
516 1035 659 1104 numina
673 1036 867 1109 vicinorum

56 1143 131 1212 Odit
146 1158 292 1239 uterque
305 1143 418 1231 locus,
433 1168 542 1238 quum
557 1141 647 1214 solos
661 1144 778 1216 credat
792 1148 964 1220 habendos

56 1257 131 1324 Esse
142 1255 256 1342 Deos,
274 1279 360 1350 quos
373 1255 444 1350 ipse
458 1251 549 1324 oolit
568 1253 637 1325 Sed
649 1269 801 1352 ternpore
814 1257 898 1328 festo

58 1364 200 1435 Alterius
215 1363 334 1460 populi
350 1364 513 1460 rapienda
526 1364 661 1434 occasio
675 1367 808 1436 cunctis

59 1476 132 1545 Visa
147 1476 369 1546 inimieorum
383 1474 589 1570 primoribus
600 1497 642 1543 ac
654 1473 815 1561 ducibus,
829 1500 874 1544 ne
1103 1515 1137 1562 to

61 1586 185 1655 Iratum
200 1584 411 1680 hilaremque
424 1586 533 1670 diem,
549 1609 594 1652 ne
606 1608 737 1679 magnae
751 1585 874 1680 gaudia
888 1611 990 1658 coenae

63 1696 245 1783 Sentirent,
265 1697 383 1791 positis
400 1695 445 1765 ad
462 1693 589 1790 templa
602 1709 636 1764 et
649 1697 798 1791 compita
815 1700 938 1768 mensis

63 1806 281 1902 Pervigilique
295 1820 388 1891 toro,
408 1831 509 1900 quem
524 1817 625 1874 nocte
638 1829 679 1875 ac
694 1805 770 1876 luce
781 1807 949 1900 jacentem

66 1917 229 2010 Septimus
243 1915 414 1984 interdum
430 1913 482 1984 sol
500 1915 641 1985 invenit.
655 1913 807 1985 Horrida
818 1941 896 1986 sane

65 2027 243 2121 AEgyptus;
260 2023 319 2094 sed
337 2023 486 2112 luxuria,
503 2039 671 2118 quantum
689 2025 761 2118 ipse
778 2025 915 2110 notavi,
1108 2049 1140 2112 45

68 2139 203 2207 Barbara
216 2135 351 2220 famoso
365 2160 437 2204 non
448 2135 540 2205 cedit
555 2135 656 2204 turba
668 2139 822 2231 Canopo.

68 2247 285 2343 ddde,quod
298 2261 334 2316 et
348 2243 458 2315 facilis
471 2245 615 2314 victoria
628 2245 671 2314 de
683 2246 843 2333 madidis,
863 2261 898 2316 et

70 2355 188 2444 Blaesis,
202 2373 308 2452 atque
320 2379 415 2425 mero
429 2354 653 2428 titubantibus
668 2379 679 2432 a
697 2355 778 2424 inde
792 2355 946 2426 virorum
978 2369 983 2378 '

73 2593 290 2652 terrimnmaudi
296 2590 408 2649 lacinus
416 2601 448 2648 et
456 2592 622 2666 exemptam
629 2589 773 2650 inusitatae
783 2589 974 2661 crudelitatis,
982 2592 1036 2651 bno
1046 2605 1144 2654 nostra

72 2697 144 2745 etate
153 2685 340 2746 solummodo
352 2683 474 2742 editum.

107 2781 151 2837 33.
172 2779 263 2856 Copti
280 2789 311 2836 et
325 2779 453 2852 Tentyra
471 2786 538 2832 sunt
555 2775 677 2851 AEgypti
692 2774 824 2833 civitates
841 2775 959 2846 vicinas,
978 2777 1056 2836 inter
1073 2799 1144 2856 quas

74 2871 153 2928 animi
168 2873 285 2930 servent
304 2869 411 2926 vetusti
431 2878 462 2924 et
484 2867 657 2924 immortalis
681 2867 744 2924 odii
764 2866 886 2925 flammis
905 2871 1017 2928 incensi
1035 2893 1042 2928 :
1063 2874 1145 2948 cnjus

75 2964 191 3022 vulneris
210 2959 379 3021 insanabilis
393 2970 424 3016 et
436 2958 546 3016 suroris
563 2958 669 3015 summi
688 2977 787 3018 caussa
801 2961 862 3017 baro
878 2973 933 3030 est,
960 2963 1042 3037 quod
1054 2965 1144 3024 altera

76 3054 163 3114 civitas
175 3057 295 3114 alterins
309 3054 380 3111 deos
393 3051 505 3121 oderit,
520 3062 551 3108 et
568 3069 636 3108 suos
652 3062 778 3126 utraque
788 3052 928 3110 duntaxat
942 3056 1043 3112 credat
1057 3076 1144 3116 veros

77 3166 276 3225 germanosque
290 3148 362 3203 deos
381 3163 452 3201 esse.
479 3144 586 3218 Atqui,
602 3143 651 3200 die
670 3144 799 3218 quodam
819 3145 909 3214 sesto,
925 3145 1145 3222 Tentyritarum

77 3257 199 3312 proceres
215 3261 250 3297 ac
264 3236 397 3315 primarii
413 3235 501 3294 duces
518 3255 551 3293 se
569 3236 751 3294 occasionem
767 3247 867 3294 nactos
887 3257 948 3296 esse
967 3248 1146 3314 putaverunt

42 3333 48 3348 '
78 3345 330 3410 peropportunam,
348 3329 428 3386 unde
443 3330 635 3404 impedirent,
654 3350 693 3388 ne
711 3331 800 3406 Copti
820 3331 992 3406 promissam
1009 3333 1070 3404 ejus
1087 3333 1145 3393 diei

79 3423 192 3484 letitiam
206 3424 457 3496 hilaritatemque,
481 3432 511 3478 et
529 3423 669 3498 gaudium
689 3441 802 3500 magnae
821 3441 908 3480 coenae
927 3434 1101 3496 carperent;
1124 3427 1147 3484 ii

80 3518 176 3577 seilicet
193 3527 352 3577 statuerant
371 3531 485 3572 mensas
500 3515 533 3570 in
549 3515 684 3590 compitis
704 3515 893 3590 templisque,
917 3527 947 3571 et
964 3515 1055 3572 lectos
1075 3520 1144 3592 qni-

80 3608 127 3672 bos
148 3612 381 3691 pervigilabant,
406 3618 436 3665 et
458 3625 533 3682 quos
561 3618 653 3664 noctu
676 3607 787 3680 diuque
812 3616 917 3663 stratos
943 3607 994 3663 lux
1024 3611 1145 3684 septima

81 3701 216 3764 interdum
237 3703 410 3779 reperiebat.
434 3699 498 3755 Etsi
522 3699 601 3756 enim
622 3717 690 3774 pars
711 3700 772 3754 bec
791 3699 912 3775 AEgypti
930 3700 1082 3761 horridior
1108 3706 1146 3762 sit

82 3796 325 3870 aquicinensium,
344 3805 458 3859 umen,
479 3803 622 3866 quanam
643 3791 801 3847 observare
822 3791 884 3865 ipse
904 3793 1003 3867 potui,
1021 3795 1146 3855 barbara

83 3884 135 3944 hec
148 3907 215 3966 gens
224 3909 288 3948 non
303 3899 346 3946 est
360 3888 457 3947 minus
476 3885 575 3943 dedita
594 3883 678 3940 luxui
699 3894 730 3940 et
747 3882 871 3956 deliciis,
892 3904 979 3962 quam
996 3889 1145 3966 Canopus,

85 3994 114 4034 eo
125 3983 239 4040 nomine
254 3981 377 4039 infamis.
397 3979 520 4039 Aeoedit
532 3976 616 4053 qnod
629 3974 750 4031 minime
766 3974 890 4033 arduum
904 3979 1060 4038 videbatur
1080 3983 1148 4038 vin-

87 4086 143 4128 cere
151 4074 262 4132 ebrium
272 4076 404 4145 bostem,
414 4071 639 4136 balbutientem,
648 4087 682 4124 ac
690 4069 762 4124 vino
774 4070 963 4128 vacillantem.
976 4075 1020 4129 Ex
1033 4075 1147 4147 Copto-

88 4177 144 4223 rttm
156 4179 236 4242 parte
255 4167 354 4226 omnir
370 4165 569 4244 personabant
587 4161 725 4237 tripudiis
746 4162 911 4220 saltantium
935 4162 974 4218 ad
996 4163 1149 4238 strepitum

922 4256 974 4329 ad.
