2784 4917
396 414 570 483 sartae
591 412 798 483 DECIMA.
1097 419 1137 483 δι

79 529 185 598 Donec
202 531 352 626 Bithyno
365 530 468 601 libeat
481 530 619 627 vigilare
634 546 793 627 tyranno.

80 640 182 709 Finem
197 643 337 729 animae,
354 668 430 737 quae
445 667 498 711 res
512 643 676 712 humanas
689 643 827 712 miscuit
840 640 938 727 olim,

82 751 149 817 Non
164 750 281 847 gladii,
302 776 373 821 non
391 777 469 821 saxa
485 750 627 839 dabunt,
644 776 710 821 nec
726 750 811 837 tela,
829 752 889 821 sed
904 750 959 820 ille

82 860 260 931 Cannarum
278 862 403 931 vindex
418 886 457 932 ac
472 861 557 931 tanti
573 860 746 955 sanguinis
760 858 870 945 ultor,
1094 876 1141 927 165

82 968 231 1040 Annulus.
246 974 280 1058 Ι,
295 968 447 1043 demens!
465 987 499 1041 et
512 996 614 1041 saevas
627 994 728 1039 curre
741 994 804 1064 per
819 967 935 1063 Alpes,

84 1078 123 1147 Ut
135 1082 243 1173 pueris
259 1079 408 1176 placeas,
422 1097 457 1152 et
472 1080 669 1151 declamatio
684 1076 760 1150 fias!

124 1190 214 1260 Unus
228 1190 352 1261 Pellaeo
364 1192 484 1285 juveni
502 1216 572 1260 non
589 1188 718 1260 sufficit
731 1188 845 1259 orbis:

85 1298 199 1369 lfstuat
212 1300 331 1371 infelix
343 1316 486 1395 angusto
501 1300 607 1369 limite
622 1300 760 1385 muudi,

85 1406 124 1473 Ut
135 1410 251 1503 Gyarae
268 1407 400 1479 clausus
415 1406 562 1504 scopulis
575 1432 748 1505 parvaque
762 1407 917 1503 Seripho.
1094 1440 1142 1492 ¹7⁰

83 1513 183 1601 Quum
198 1532 312 1586 tamen
326 1542 346 1585 a
359 1516 470 1612 figulis
484 1518 649 1586 munitam
666 1516 848 1585 intraverit
859 1515 997 1601 urbem,

83 1622 283 1719 sarcophago
298 1640 479 1695 contentus
493 1623 573 1696 erit!
592 1628 688 1695 Mors
703 1623 774 1693 sola
787 1623 926 1709 fatetur,

83 1730 240 1818 Quantula
252 1735 321 1803 sint
334 1734 511 1803 hominum
526 1733 739 1830 corpuscula.
756 1732 918 1804 Creditur
930 1731 1014 1801 olim

85 1840 265 1913 velificatus
278 1844 405 1931 Athos,
419 1859 453 1913 et
466 1844 633 1939 quidquid
646 1845 780 1913 Graecia
794 1843 940 1912 mendax

84 1952 185 2023 iudet
199 1955 233 2021 in
247 1954 410 2024 historia:
427 1969 634 2025 constratum
651 1952 810 2024 classibus
825 1952 931 2021 isdem
1096 1968 1145 2036 ηε

82 2062 356 2158 suppositumque
372 2066 454 2133 rotis
467 2063 611 2133 solidum
625 2088 718 2133 mare
735 2088 744 2132 :
759 2064 929 2133 credimus
944 2061 1030 2131 altos

82 2172 239 2243 Desecisse
252 2198 370 2243 amnes
382 2188 549 2268 epotaque
565 2174 706 2243 flumina
720 2172 825 2242 Medo

82 2402 233 2480 nudusque
246 2406 334 2464 cliens
349 2406 469 2477 assidet,
483 2419 651 2485 exspectans
669 2410 740 2467 dum
752 2406 895 2485 Bithynia
909 2407 1028 2483 regulus
1041 2424 1148 2481 exper-

81 2494 143 2569 gisci
153 2505 182 2553 et
190 2498 343 2555 admittere
356 2499 526 2558 salutantem
541 2502 621 2559 velit.
635 2503 799 2578 Inquietam
810 2519 844 2557 ae
855 2500 984 2557 ferocem
997 2498 1148 2555 Annibalis

82 2588 207 2659 mimam,
222 2601 442 2665 quaternarum
454 2594 557 2650 orbem
570 2606 653 2651 autea
667 2592 868 2669 perturbavit,
884 2608 946 2646 non
960 2590 1146 2667 exstinguent

83 2696 165 2749 euses,
175 2700 236 2739 non
243 2682 373 2756 scopuli,
384 2702 445 2739 non
457 2686 530 2755 tele;
540 2686 592 2743 sed
603 2686 693 2760 ipsius
702 2687 841 2753 emulus,
854 2682 905 2757 qni
915 2700 1013 2756 peenas
1022 2682 1148 2739 Romani
1184 2729 1191 2755 4

83 2775 215 2849 unguinis
225 2776 264 2833 ad
278 2777 390 2833 Cannas
405 2777 518 2853 prolusi
531 2780 616 2837 abeo
630 2788 752 2854 repetet.
768 2778 783 2833 1
800 2795 895 2845 nnnc,
911 2776 1079 2833 mortalium
1091 2776 1147 2833 de·

84 2868 263 2938 nentissime;
279 2869 368 2943 Alpes
383 2888 470 2926 saevas
487 2870 614 2942 transili;
627 2880 715 2945 caput
729 2867 872 2926 sexcentis
883 2868 1019 2943 periculis
1033 2868 1146 2942 objice,

83 2968 112 3013 nt
122 2959 229 3017 laudem
244 2960 354 3017 scilicet
370 2961 447 3036 apud
461 2981 567 3037 pueros
588 2962 620 3019 in
638 2962 710 3020 ludo
723 2960 865 3019 litterario
883 2962 1033 3032 merearis,
1046 2980 1078 3017 ac
1097 2962 1145 3019 de·

84 3050 289 3109 clamationibns
301 3064 504 3129 argumentum
517 3054 629 3113 illustre
640 3054 818 3130 suppedites.

118 3144 176 3201 168.
197 3145 373 3215 Alexander,
388 3144 504 3219 juvenis
521 3166 537 3204 e
554 3148 632 3205 Pella
646 3148 804 3215 oriundus,
822 3146 897 3203 orbe
915 3164 976 3201 uno
990 3156 1144 3205 contentus

85 3251 132 3290 uon
148 3248 204 3307 est3
217 3237 263 3293 illi
276 3236 401 3294 mundus
416 3238 464 3293 hic
479 3238 596 3295 videtur
609 3238 775 3314 angustior,
792 3237 946 3312 incoque,
960 3237 1042 3291 velut
1058 3237 1145 3293 arctis

85 3330 242 3387 cousuictus
253 3327 365 3405 spatiis,
374 3341 424 3386 eut
433 3333 536 3405 Gyarae
546 3332 594 3387 vel
604 3330 722 3405 Seriphi
733 3330 856 3405 rupibus
866 3327 995 3404 angustis
1005 3327 1146 3397 inclusus,

85 3422 186 3498 agitur
196 3434 226 3480 et
237 3422 343 3481 misere
354 3423 447 3480 sudat.
460 3423 521 3480 Ubi
533 3434 628 3479 tamen
638 3422 819 3497 babylonem
826 3422 919 3477 muris
929 3418 1081 3476 coctilibus
1089 3419 1148 3477 cir·

84 3516 233 3572 murdrum
243 3514 333 3573 tuerit
344 3515 507 3592 ingressus,
520 3515 661 3573 feretrum
674 3515 718 3571 illi
726 3512 858 3571 sufficiet
870 3514 940 3570 Sola
952 3530 1047 3581 mors,
1060 3532 1146 3587 quem

83 3607 146 3663 exile
161 3606 313 3682 quidpiam
336 3618 365 3663 et
380 3608 526 3665 minutum
546 3607 584 3663 sit
600 3608 706 3675 homo,
728 3606 823 3661 docet
844 3603 998 3660 Credimus
1017 3616 1148 3663 montem

83 3699 170 3755 Athon
178 3698 250 3755 olim
259 3716 276 3753 a
285 3699 384 3755 Xerxe
394 3700 555 3773 perfossum
566 3708 596 3755 et
605 3695 883 3770 circumnavigstum
894 3694 980 3751 luisse
988 3714 995 3751 :
1004 3697 1147 3756 credimus

81 3788 163 3845 alinid
174 3808 264 3865 genus
275 3791 380 3857 mults,
392 3808 456 3865 quae
467 3791 576 3861 Graeci,
589 3790 809 3847 mendaciorum
819 3786 944 3845 artifices
955 3791 1079 3867 egregii,
1091 3811 1146 3851 sn-

83 3882 185 3939 nalibus
195 3882 341 3939 historicis
357 3884 486 3957 prodere
500 3902 561 3941 non
576 3884 725 3953 dubitant3
741 3900 833 3957 quum
845 3882 1001 3957 perhibent
1011 3896 1146 3959 opertum

83 3988 174 4045 equor
188 3974 292 4031 iisdem
304 3975 412 4031 Xerxis
426 3976 577 4047 classibus,
598 3975 705 4051 quibus
719 3976 820 4033 Athon
838 3976 1147 4054 circumnavigarerst,

85 4072 109 4115 et
118 4066 246 4123 curribus
256 4066 403 4141 pervium,
416 4079 553 4144 tanquam
565 4068 667 4126 stabile
678 4069 772 4125 solnm
781 4110 791 4139 ,
801 4068 959 4137 exstitisse;
976 4066 1081 4124 fluvios
1101 4070 1147 4125 in-

85 4163 172 4231 tegros
182 4158 335 4217 exhaustos
346 4170 375 4217 et
384 4160 541 4219 exsiccatos
550 4180 611 4219 nno
621 4161 728 4219 Persici
738 4161 882 4219 exercitus
889 4158 1026 4237 prandio,
1036 4158 1162 4234 aliaque.
