2784 4917
367 425 559 489 sertus
582 425 868 490 UNDECIMA.
1097 421 1158 490 155

137 543 262 609 Interea
276 538 510 634 Megalesiacae
525 537 717 633 spectacula
733 563 866 634 mappa

83 649 209 718 Iduum
223 649 362 718 solenne
377 649 512 732 colunt,
532 647 718 743 similisque
735 649 914 744 triumpho

85 759 197 830 Praeda
210 759 415 830 caballorum
431 761 560 828 Praetor
573 759 680 845 sedet,
704 783 759 844 ac,
775 761 860 830 mihi
876 785 959 856 pace

83 871 257 940 Immensae
273 871 452 964 nimiaeque
467 869 543 940 licet
558 872 586 939 si
605 870 719 940 dicere
733 870 857 966 plebis,

85 982 197 1048 Totam
211 979 313 1050 hodie
329 983 472 1050 Romam
487 980 596 1049 circus
612 982 720 1074 capit;
736 996 771 1050 et
786 979 902 1076 fragor
915 1005 1030 1052 autem
1109 999 1159 1066 195

86 1090 240 1174 Pereutit,
260 1105 421 1161 eventum
437 1090 553 1160 viridis
569 1116 637 1186 quo
655 1091 778 1188 colligo
793 1092 908 1186 pauni.

87 1202 168 1270 Nam
181 1203 206 1270 si
221 1202 395 1290 deiiceret,
410 1218 563 1272 maestam
582 1204 825 1297 attonitamque
840 1203 969 1274 videres

90 1311 178 1380 Hane
192 1313 328 1394 urbem,
344 1311 448 1381 veluti
462 1317 656 1382 Cannarum
671 1312 706 1378 in
723 1310 864 1406 pulvere
877 1313 975 1382 victis

93 1420 293 1491 Consulibus.
312 1425 475 1517 Spectant
489 1425 650 1518 juvenes,
670 1447 757 1516 quos
771 1421 899 1492 clamor
913 1438 949 1492 et
963 1423 1072 1493 audax

94 1532 241 1624 Sponsio,
260 1557 348 1627 quos
364 1531 462 1602 cultae
478 1531 575 1602 decet
588 1531 757 1602 adsedisse
771 1529 909 1626 puellae3
1108 1569 1161 1604 που

95 1643 242 1735 Spectant
256 1642 324 1712 boc
340 1658 455 1737 nuptae
469 1642 565 1736 juxta
579 1643 765 1712 recubante
780 1643 918 1729 marito,

92 1751 182 1840 Quod
196 1753 321 1847 pudeat
337 1777 490 1822 narrasse
505 1752 650 1848 aliquem
666 1753 889 1847 praesentibus
903 1753 995 1848 ipsis.

93 1863 205 1932 Nostra
218 1864 313 1932 bibat
328 1889 472 1932 remum
487 1877 662 1934 contracta
678 1863 827 1934 cuticula
842 1861 949 1934 solem

91 1973 298 2070 Effugiatque
314 1990 437 2069 togam.
452 1978 525 2044 Jam
546 2001 638 2044 nunc
654 1975 689 2044 in
704 1974 837 2059 balnea,
855 1976 949 2046 salva

91 2084 220 2182 Fronte,
239 2085 318 2154 licet
329 2085 447 2171 vadas,
462 2110 666 2180 quamquam
681 2083 788 2154 solida
801 2087 887 2156 bora
901 2086 1047 2182 supersit
1112 2097 1162 2146 ὀὔ

126 2341 185 2397 ¹9¹·
205 2323 285 2378 Dum
295 2341 349 2378 nos
358 2320 451 2396 epulis
462 2319 622 2394 frugalibus
634 2339 753 2395 operam
768 2321 807 2377 ita
819 2321 967 2393 dabimus,
982 2321 1032 2378 alii
1046 2332 1161 2396 specta-

91 2413 155 2470 bunt
163 2414 247 2471 ludos
255 2413 370 2472 solenni
382 2431 488 2488 pompa
499 2415 529 2470 in
541 2415 684 2471 bonorem
695 2413 777 2470 ldaeae
790 2415 891 2470 Matris
900 2415 1058 2483 ¹celebrari,
1069 2424 1098 2470 et
1110 2433 1164 2488 per

91 2526 243 2582 suspensam
257 2508 288 2564 in
302 2507 388 2563 Circo
402 2527 534 2582 mappam
549 2506 716 2576 denuntiari
731 2505 843 2563 solitos.
857 2509 969 2563 Praetor
985 2507 1087 2561 habitu
1099 2507 1163 2562 cul-

91 2609 171 2675 tuque
185 2601 427 2674 triumphantium
446 2601 566 2676 insignis
581 2621 670 2658 curru
687 2600 841 2669 insidebit,
861 2601 944 2674 equis
960 2599 1164 2674 undecumque

91 2711 136 2764 per
147 2694 203 2750 rim
214 2694 334 2762 ablatis,
346 2694 452 2768 quibus
464 2694 502 2749 ad
514 2695 573 2750 baec
585 2697 747 2769 spectacula
756 2693 869 2750 edenda
881 2693 1015 2768 plurimis
1025 2705 1068 2750 est
1080 2713 1164 2770 opus.

92 2787 156 2842 Tota
174 2787 265 2845 bodie
283 2789 393 2856 Roma,
413 2786 494 2862 quod
514 2805 585 2862 pace
603 2797 661 2842 tam
681 2787 830 2845 numerosi
848 2787 952 2862 populi
971 2788 1113 2856 dixerim,
1132 2789 1164 2843 iu

91 2881 189 2938 οἱκωιι
205 2879 353 2938 confluet:
366 2879 425 2954 jam
440 2879 579 2936 exaudire
594 2880 699 2936 videor
713 2882 854 2937 clamores
869 2880 1050 2951 inconditos,
1065 2900 1082 2938 e
1097 2883 1165 2957 qui-

90 2973 137 3030 bus
150 2973 277 3046 conjicio
297 2972 437 3029 victorem
453 2972 615 3030 discessisse
626 2973 752 3046 aliquem
767 2993 784 3031 e
802 2972 905 3030 viridis
919 2973 1008 3048 panni
1023 2975 1165 3047 factione,

91 3086 146 3141 quae
158 3067 182 3123 si
198 3066 236 3122 ab
248 3064 358 3122 aemulis
373 3064 547 3121 factionibus
564 3066 739 3130 vinceretur,
756 3070 879 3124 Romam
893 3087 1026 3125 cernam
1037 3087 1164 3127 rnoerore

91 3179 118 3217 ac
130 3171 247 3235 stupore
263 3159 443 3226 conlectam,
462 3159 540 3214 haud
555 3160 640 3215 aliter
654 3171 741 3235 atque
754 3161 843 3228 olim,
863 3180 954 3235 quum
969 3160 1001 3216 in
1019 3161 1165 3218 Cannensi

90 3254 180 3326 prelio
195 3252 256 3309 dno
269 3253 401 3308 consules
415 3249 562 3328 profligati
575 3253 703 3308 luerunt.
723 3253 805 3319 latis,
823 3271 878 3327 per
890 3271 938 3308 me
954 3252 1021 3308 licet
1032 3293 1040 3318 ,
1053 3263 1168 3325 spectas

90 3345 152 3402 culis
163 3345 300 3402 intersint
311 3345 519 3411 adolescentes,
529 3364 602 3419 quos
614 3345 735 3401 delectat
745 3346 895 3418 strepitus,
905 3364 979 3419 quos
985 3344 1069 3417 juvat
1080 3362 1167 3419 spon·

91 3440 191 3498 sionem
206 3460 272 3497 cum
288 3439 378 3496 obvio
390 3439 522 3513 quolibet
532 3441 625 3494 lairere
636 3438 673 3494 de
687 3439 774 3495 variis
785 3439 923 3494 ludorum
934 3437 1102 3499 eventibus:
1113 3438 1165 3512 qui

91 3547 197 3610 captant
214 3534 330 3601 locum,
345 3532 398 3588 ubi
412 3531 590 3588 mulierculis
600 3531 787 3606 politioribus
796 3529 955 3585 assideant:
968 3539 1066 3603 nuptae
1079 3528 1166 3584 etiam

90 3627 218 3684 intersint
237 3645 303 3682 eum
324 3626 430 3682 marito
446 3625 529 3698 jussa
545 3625 721 3695 recubante,
737 3635 767 3680 et
784 3634 915 3697 spectent
931 3622 978 3677 illa
994 3641 1058 3697 quae
1078 3643 1167 3682 nemo

91 3739 179 3778 coram
193 3721 264 3796 ipsis
279 3739 398 3776 nauare
408 3730 485 3795 gesta
496 3720 558 3775 sine
569 3718 683 3792 pudore
701 3717 801 3792 possit.
815 3717 893 3783 Nos,
905 3725 1010 3789 utpote
1023 3718 1166 3788 seniores,

93 3833 215 3890 rugosam
232 3825 328 3870 cratem
343 3812 398 3868 soli
412 3831 505 3868 verno
522 3822 550 3866 et
566 3811 702 3866 clementi
717 3827 914 3883 exponamus,
930 3820 960 3866 et
974 3811 1057 3867 urbis
1071 3831 1104 3868 ac
1121 3825 1167 3869 to·

93 3919 154 3984 gatae
169 3909 237 3964 vitae
255 3905 400 3964 molestias
414 3905 583 3963 devitemus.
602 3907 687 3959 Potes
702 3903 762 3977 jam
781 3903 914 3958 balneum
930 3915 1046 3977 petere,
1065 3925 1166 3976 quarn-

94 4001 131 4057 ris
149 4003 219 4058 bora
244 3999 282 4057 sit
301 4010 368 4074 post
391 4007 488 4055 ortum
511 3999 579 4055 solis
601 3997 743 4054 duntaxat
766 3995 889 4072 quinta,
917 3995 1008 4070 idque
1027 3997 1166 4072 impune,

94 4113 120 4151 ac
137 4096 245 4152 nullius
265 4093 519 4169 reprehensionem
542 4103 681 4148 metuens.
708 4093 784 4148 Sane
807 4090 910 4146 horam
932 4089 1029 4146 balnei
1052 4088 1167 4144 solitam

94 4201 283 4260 antevertere,
299 4208 332 4245 nc
349 4189 449 4264 genio,
469 4199 502 4244 ut
520 4207 535 4243 a
554 4186 640 4245 nobis
659 4185 748 4245 bodie
766 4186 913 4262 paulisper
929 4181 994 4251 liet,
1014 4180 1169 4258 indulgere
