2784 4917
285 436 349 502 310
580 437 620 501 D.
642 434 773 501 turm
795 434 1064 502 tuvnuams

283 554 403 647 Longa
416 550 477 621 tibi
493 548 572 646 post
588 550 660 621 haec
677 548 750 619 fato
767 546 905 619 meliore
920 549 1099 638 dabuntur,

284 663 321 734 si
338 676 469 731 tantum
484 660 566 731 culti
584 658 675 731 solus
692 658 880 754 possederis
893 661 983 756 agri,

282 772 456 861 Quantum
474 771 536 840 sub
552 771 651 839 Tatio
670 765 817 864 populus
834 772 1009 841 Romanus
1023 768 1145 841 amhat
1286 784 1325 833 1⁶0
1373 779 1374 794 ¹

202 934 207 945 .
332 884 416 950 Mox
431 881 534 950 etiam
547 880 662 949 fractis
675 894 793 965 aetate,
802 904 843 949 ac
854 880 984 950 Punica
996 881 1101 974 passis

286 986 417 1077 Praelia,
431 988 483 1057 vel
497 989 665 1083 Pyrrhum
679 988 861 1058 immanem
875 986 1071 1085 gladiosque
1084 986 1256 1070 Molossos,

171 1171 176 1178 ,
284 1098 433 1169 Tandem
449 1123 513 1195 pro
530 1097 641 1169 multis
654 1099 711 1167 vix
721 1098 841 1194 jugera
853 1098 933 1168 bina
948 1099 1116 1171 dabantur

283 1206 489 1277 ¹Vulneribus
503 1232 512 1279 ε
529 1232 659 1279 merces
675 1232 717 1277 ea
730 1209 904 1305 sanguinis
916 1225 1018 1305 atque
1031 1209 1151 1281 laboris

284 1316 393 1389 Nullis
408 1317 479 1387 visa
494 1342 655 1413 umquam
668 1320 796 1389 meritis
809 1321 936 1407 minor,
949 1334 1009 1389 aut
1021 1320 1158 1415 ingrate
1288 1333 1325 1385 1⁶⁵

286 1431 392 1499 Curta
410 1426 494 1498 fides
510 1429 649 1524 patriae:
669 1429 841 1498 saturabat
853 1428 987 1524 glebula
1001 1428 1077 1499 talis

283 1540 416 1608 Patrem
432 1540 542 1634 ipsum
555 1540 757 1634 turbamque
769 1562 868 1625 casae,
885 1562 954 1633 qua
967 1536 1035 1609 feta
1045 1538 1177 1632 jacebat

284 1649 391 1737 Uxor,
409 1664 442 1719 et
459 1648 605 1718 infantes
623 1646 786 1718 ludebant
801 1662 959 1742 quatuor,
980 1672 1070 1718 unus

284 1758 451 1847 Vemula,
468 1773 535 1828 tres
549 1757 700 1831 domini:
718 1754 778 1827 sed
791 1759 922 1852 magnis
933 1756 1095 1826 fratribus
1107 1756 1224 1825 honam

284 1871 446 1940 Ascrobe
458 1868 510 1939 vel
523 1867 617 1939 sulco
631 1868 862 1956 redeuntibus,
881 1867 988 1937 altera
1002 1890 1100 1939 coena
1291 1892 1327 1944 ¹7⁰

287 1978 454 2077 Amplior,
472 1996 507 2050 et
524 1979 667 2075 grandes
685 1978 863 2049 fumabant
877 1976 1028 2073 pultibus
1044 1976 1129 2048 ollae.

286 2092 390 2161 Nunc
405 2088 525 2159 modus
539 2090 598 2159 hic
612 2090 684 2186 agri
701 2102 818 2159 nostro
832 2113 904 2158 non
921 2087 1051 2159 sufficit
1064 2088 1173 2157 horto.

286 2199 372 2269 Inde
385 2198 455 2270 fere
468 2198 629 2271 scelerum
644 2224 782 2288 caussae,
794 2222 861 2268 neo
876 2196 974 2293 plura
987 2223 1119 2269 venem

286 2308 440 2397 Miscuit,
453 2323 513 2379 aut
524 2309 616 2384 ferro
630 2324 800 2405 grassatur
812 2309 932 2402 sepius
944 2305 1053 2378 ullum

285 2422 449 2504 Humanae
466 2422 587 2489 mentis
599 2422 736 2508 vitium,
754 2444 855 2514 quam
868 2442 956 2487 soeva
967 2417 1096 2512 cupido
1293 2424 1329 2491 ¹7⁵

285 2646 331 2709 tos
357 2636 493 2693 habueris
515 2636 610 2707 aolus,
625 2639 757 2711 'mmntm
781 2634 897 2711 integer
921 2633 1050 2709 populna
1073 2635 1217 2691 &mnus
1236 2622 1329 2685 nnbat,

284 2748 376 2804 quum
389 2728 491 2786 Tatius
505 2727 620 2787 Sabinis
636 2726 826 2804 imperitaret.

326 2820 392 2875 161.
412 2822 482 2876 Non
498 2821 591 2876 multo
613 2829 680 2893 post
701 2818 777 2875 illud
798 2828 927 2894 tempus,
946 2816 1090 2875 militibus
1104 2812 1237 2875 nonanis
1252 2805 1330 2867 Ml
1373 2879 1374 2888 χ

285 2922 388 2984 aetnoe,
407 2923 563 2987 postquam
580 2910 778 2969 sustinuerant
796 2911 873 2967 bella
890 2910 1009 2987 punice,
1032 2911 1195 2987 impetrare
1212 2900 1331 2963 terribile

284 3003 391 3081 Pyrrhi
405 3016 436 3061 et
451 3003 669 3079 Epiroticorum
681 3024 778 3075 enses,
794 3022 850 3080 pro
863 3003 964 3062 moltis
974 2997 1282 3075 vulneribuaacoeptlh
1293 2991 1331 3048 *ί*

285 3097 346 3154 duo
355 3098 459 3173 jugera
472 3096 590 3155 tandem
605 3096 802 3155 donabantur.
818 3098 900 3154 Hanc
916 3096 1033 3155 sudoris
1043 3097 1131 3154 multi
1143 3084 1330 3164 cruoriultwln

283 3188 363 3247 bello
376 3188 433 3246 susi
447 3188 612 3247 mercedem
625 3207 713 3247 nemo
726 3207 865 3264 umquam
877 3208 982 3247 eorum
990 3191 1104 3247 maritis
1116 3188 1176 3247 suis
1187 3182 1329 3243 interium

284 3280 415 3358 putarit,
428 3292 478 3339 aut
488 3280 631 3359 ingratam
642 3280 754 3340 idcirco
764 3282 905 3357 patriam,
918 3302 953 3340 ao
961 3281 1172 3358 paremnimis
1182 3272 1328 3337 esterbitra·

284 3387 341 3431 tus.
354 3374 474 3451 agellus
484 3373 628 3448 &asmodi
636 3382 750 3448 patrem
760 3374 876 3434 munde
884 3376 991 3445 alebat,
1003 3394 1072 3433 mm
1082 3386 1145 3433 tota
1151 3368 1331 3449 emnem

284 3468 448 3536 habitante,
465 3466 498 3522 in
510 3484 568 3541 qna
579 3476 642 3523 eret
653 3484 732 3523 uxor
744 3484 914 3543 pregnans,
927 3469 1070 3527 ludebant
1079 3468 1203 3527 infantes
1212 3470 1331 3540 quami

283 3570 344 3617 tres
358 3579 462 3635 nempe
478 3556 669 3630 filiifamilias,
684 3570 714 3617 et
730 3578 806 3617 unua
819 3562 952 3617 servulus
967 3561 1051 3619 domi
1063 3572 1158 3618 natur.
1170 3556 1228 3617 sel
1236 3554 1332 3611 illutum

283 3649 423 3710 fratribus
436 3651 558 3724 adultis,
576 3670 667 3727 quum
683 3651 815 3709 redirent
827 3654 865 3711 ab
881 3671 970 3729 agro,
985 3653 1040 3711 ubi
1052 3656 1101 3711 rel
1112 3650 1226 3711 scrobes
1240 3638 1332 3705 effode·

284 3755 366 3816 rant,
378 3746 425 3801 vel
436 3746 558 3803 humum
573 3755 742 3817 oraverant,
752 3745 848 3819 major
858 3746 989 3821 quedam
1003 3766 1085 3805 coena
1097 3743 1298 3805 insumebant,
1309 3732 1332 3787 5¹¹

284 3858 343 3913 qim
357 3839 466 3897 scilicet
481 3842 577 3916 pultes
593 3841 716 3917 largiter
729 3842 963 3917 apponebantur.
984 3845 1068 3901 Nunc
1085 3843 1189 3919 jugera
1206 3840 1262 3895 hac
1273 3830 1331 3894 duo,

284 3930 391 4006 quibus
401 3943 533 3989 veterum
544 3933 607 4009 agri
618 3932 843 4006 definiebantur,
854 3935 963 3993 nostris
971 3936 1064 3993 bortis
1075 3954 1139 3993 noa
1147 3930 1292 3991 mffiumt
1299 3922 1333 3979 Β(

283 4025 336 4081 hac
346 4021 485 4079 nimirum
495 4024 621 4081 habendi
629 4025 788 4100 cupiditate
795 4029 893 4086 omnia
904 4028 1108 4105 fermeflagitiu
1116 4022 1331 4103 pmtteiscuatw

283 4132 379 4191 nequa
394 4116 456 4173 ullo
471 4115 544 4173 vitio
556 4118 658 4191 sapius
673 4130 724 4175 aut
738 4119 777 4177 od
793 4140 903 4180 venena
915 4120 1077 4193 miscenda,
1091 4131 1143 4178 aut
1157 4118 1193 4176 ad
1209 4113 1331 4185 stringet·

283 4210 352 4269 dum
363 4208 474 4267 ferrum
489 4208 653 4267 excitentur
662 4214 808 4284 mortales,
819 4232 907 4291 quam
915 4213 1136 4276 immodicarum
1149 4229 1237 4289 epam
1243 4200 1330 4278 impl*
