2784 4917
72 415 249 498 sATmAE
264 411 448 482 DECIMAE
461 412 657 498 QUARTAE
669 404 993 484 ARGUMENTUM.
1023 434 1086 504 297

27 544 166 619 96-106.
184 546 231 600 ltu
250 542 282 598 in
299 541 420 617 reliquis
437 559 555 617 quoque
576 541 665 598 rebus
681 551 786 617 sponte
803 559 853 600 sna
871 543 957 602 liberi
969 541 1089 621 vestigii

27 661 170 724 parentum
186 659 403 725 persequuntur
417 670 426 706 ε
440 649 503 706 sols
524 646 654 724 pecunie
670 647 828 724 cupiditate
846 647 933 706 inviti
952 647 1094 723 insciique

28 753 252 825 inflammentur,
271 752 410 829 quonium
425 761 518 828 peter,
540 762 575 807 ut
595 751 712 808 virtutis
733 769 783 808 eos
803 749 897 826 speeie
918 751 1015 818 lubet,
1032 767 1096 825 qna

30 857 139 912 aventis
152 867 215 928 est,
228 855 437 933 parcimoniam
447 856 586 932 appellnt,
597 865 769 931 munusque
784 855 902 913 illorum
910 865 1020 913 mentes
1029 871 1098 930 psu-

30 963 101 1018 latim
113 962 204 1037 hujus
217 963 283 1019 sitii
297 961 445 1020 elementis
461 961 582 1032 imbuit,
604 969 770 1034 uoq-sul..
793 961 865 1033 Qne
881 961 906 1018 si
922 962 978 1020 rite
993 959 1096 1018 animis

31 1067 218 1140 imbiberunt,
228 1066 537 1125 extremuseossordes
545 1065 645 1136 dooet,
656 1064 830 1123 &daubus
841 1081 941 1124 servos
952 1064 1095 1122 dunensis

33 1175 97 1244 suis,
111 1174 278 1248 funemque
286 1169 343 1228 sibi
358 1171 476 1245 explens
488 1170 612 1229 mucidis
622 1171 705 1247 penis
714 1170 829 1243 frustis,
845 1181 875 1228 et
887 1170 1017 1248 opsoniis
1025 1180 1096 1228 estn

33 1279 183 1355 corruptis,
198 1297 264 1355 qun
278 1277 326 1334 rel
348 1274 474 1333 mendici
494 1275 672 1351 respuerint,
697 1272 862 1344 sni-erili.
883 1276 1004 1334 Nullum
1025 1293 1098 1333 vero

34 1385 126 1440 vitium
141 1384 261 1440 stultius
276 1393 320 1440 est
340 1382 509 1459 turpiusque
529 1379 670 1437 esuritis:
687 1387 822 1454 potestne
842 1378 919 1436 enim
939 1378 1098 1456 quidquam

36 1507 86 1546 esse
97 1489 264 1560 absurdius,
278 1507 365 1564 quum
376 1486 481 1546 misere
494 1485 663 1562 duriterque
673 1484 787 1558 vivere,
805 1495 839 1542 ut
849 1483 931 1542 dives
942 1483 1098 1543 morieris?

38 1593 193 1666 sii-137.
206 1597 458 1651 anevurus
466 1633 475 1664 ,
484 1611 545 1669 quo
553 1592 637 1667 pluro
646 1590 789 1667 possidet,
801 1609 837 1648 eo
846 1591 931 1666 plnrs
940 1589 1036 1666 cupit,
1050 1601 1097 1664 et,

37 1700 154 1772 quamvis
166 1718 255 1777 agros
269 1699 346 1776 egris
357 1698 490 1774 adjiciet,
501 1696 646 1768 vicinum,
661 1695 759 1754 sinon
771 1695 837 1770 jure
851 1707 880 1756 et
897 1695 1003 1772 pretio,
1020 1705 1098 1754 certe

39 1803 133 1878 injuris
141 1815 172 1864 et
184 1802 336 1862 frondibus
348 1803 447 1880 pellit,
461 1820 566 1878 perum
579 1799 736 1871 sollicitus,
754 1811 854 1858 utrum
867 1801 955 1872 bene,
970 1817 1007 1855 nn
1024 1799 1098 1856 mule

39 1905 395 1984 andist,138-155.Neo
412 1917 508 1963 temen
525 1904 634 1962 divitiis
644 1905 703 1964 suis
713 1907 760 1962 vel
771 1923 893 1981 corpus,
909 1903 957 1962 vel
971 1903 1100 1960 animum

39 2012 196 2086 egritudine
208 2015 306 2070 levore
319 2023 432 2088 potest,
449 2009 615 2070 156-160.
635 2011 754 2068 Veteres
769 2007 909 2078 Romani,
923 2016 1005 2064 etate
1016 2005 1099 2063 belli-

42 2135 88 2190 que
100 2117 248 2174 laboribus
260 2116 399 2188 conleffi,
414 2127 481 2192 post
490 2127 550 2172 tam
562 2114 678 2193 egregie
685 2125 818 2174 nussum
832 2113 875 2172 rei
885 2115 1009 2190 publicu
1021 2129 1096 2190 ope*-

41 2237 107 2290 ram,
127 2219 203 2278 binis
220 2219 389 2298 jugeribus,
409 2221 520 2296 premii
540 2221 607 2278 loco
630 2220 775 2296 acceptis,
797 2220 927 2278 contenti
945 2231 1044 2292 erent,
1067 2229 1097 2276 et

42 2326 270 2398 pultevivebunt,
284 2327 449 2398 161-171.
463 2325 549 2383 Nunc
559 2323 639 2401 horti
649 2325 804 2401 ampliores
822 2337 906 2399 suut,
925 2343 1012 2401 quem
1026 2325 1096 2382 olim

42 2431 107 2504 igni,
121 2443 151 2490 et
168 2431 337 2490 insatiabilis
354 2431 481 2490 habendi
495 2429 637 2507 cupiditas
649 2429 773 2506 plurima
787 2428 941 2498 veneficis,
959 2427 1048 2485 cedes
1068 2439 1098 2484 et

45 2537 136 2594 scelere
148 2537 357 2614 cnjmcnmque
370 2537 483 2614 generis
499 2537 610 2614 gignit,
626 2536 791 2610 squ-478.
805 2534 896 2592 Prisci
909 2533 1011 2603 bimi,
1025 2535 1099 2592 ller-

45 2639 94 2695 uici
103 2661 134 2698 sc
142 2641 256 2698 Vestini
267 2641 461 2718 fiuqslitstem
471 2640 591 2719 agrique
601 2641 746 2698 culturam
756 2638 823 2696 filiis
838 2638 897 2696 suis
910 2637 1098 2695 commenda-

46 2741 117 2816 bant,
127 2744 266 2820 tenuique
276 2744 357 2802 rictu
367 2745 457 2803 vitum
469 2755 629 2803 sustentare
640 2743 786 2814 solebant,
806 2741 970 2816 178-188.
984 2742 1098 2800 Nostris

46 2859 131 2906 contra
142 2849 323 2925 temporibus
336 2861 367 2906 et
380 2860 477 2924 putres
496 2859 527 2906 et
538 2849 667 2906 nutrices
681 2849 819 2924 purvulos
834 2847 968 2906 omnibus
981 2848 1016 2906 iis
1028 2849 1099 2906 urti-

48 2953 107 3025 bns‚
116 2955 540 3030 eemvilnsiniqinumunt,
553 2976 570 3013 e
581 2955 687 3031 quibus
697 2957 811 3012 lucrum
825 2953 936 3030 possint
948 2953 1055 3027 frome,
1070 2965 1100 3012 et
1122 2990 1129 3010 .

48 3059 188 3137 diligenter
197 3061 234 3119 iis
242 3062 389 3148 inculcent
396 3063 475 3120 illum
485 3071 579 3137 poete
588 3061 759 3119 sententium
769 3081 776 3116 :
790 3083 803 3110 ι
814 3059 901 3117 Unde
910 3058 1014 3116 bubess
1024 3077 1102 3135 quu-

47 3165 475 3244 sitnemo,sedoportetbubere
485 3192 497 3220 n
505 3208 515 3237 ‚
532 3167 697 3244 189-209.
707 3165 767 3222 (br
775 3183 847 3222 vero
857 3173 1099 3240 untopsrenrges

47 3269 123 3330 filium
135 3287 233 3347 tuum,
250 3274 415 3332 stultissime
432 3293 551 3350 petens,
566 3283 600 3330 ut
619 3283 731 3330 mstnre
748 3289 853 3348 percus
867 3272 904 3328 sit
920 3279 950 3327 et
966 3268 1095 3345 pecunie

47 3374 150 3434 avidm?
165 3381 261 3450 anm
276 3377 405 3454 primum
424 3377 502 3436 enim
519 3376 698 3446 adoleverit,
712 3394 774 3433 uon
793 3387 851 3443 est,
870 3373 951 3450 quod
966 3370 1094 3442 dubites,

48 3480 107 3551 quin
118 3493 146 3539 te
155 3483 252 3558 ipsum
262 3482 381 3540 svsfitis
393 3493 522 3558 superet,
538 3493 568 3540 et
583 3481 660 3539 falsis
676 3479 860 3550 testimoniis,
874 3475 1009 3553 perjuriis
1022 3494 1099 3533 uxo·

47 3581 460 3662 &vendedivitissquaersu
475 3594 642 3655 sto—unq.
652 3587 767 3642 Horum
776 3579 986 3655 scelerumipse
995 3589 1098 3638 unctor

46 3683 1093 3767 omsmdnszquicumqueenimmlimtibmremunilimmlieui

47 3809 137 3868 aegere
147 3796 290 3872 permittit
302 3807 334 3854 et
347 3797 468 3852 stnlusm
484 3794 556 3852 dicit
573 3811 647 3864 esse,
662 3791 715 3869 qui
729 3791 889 3848 amicorum
908 3787 1095 3866 propinquo-

46 3911 151 3973 rumque
162 3898 269 3976 inopioe
285 3900 453 3971 subveniet,
469 3898 624 3974 isqnoque
636 3896 778 3972 spoliare,
793 3894 931 3971 decipere
944 3903 974 3951 et
990 3895 1095 3969 quovis

49 4001 198 4080 modoopss
208 4004 265 4062 sibi
274 4004 423 4082 acquirere
431 4003 519 4061 dooet
528 4021 563 4060 sc
574 4001 690 4072 suadet,
705 3999 870 4068 ηαξ-143.
881 3999 985 4058 Filium
999 3997 1097 4074 iteqnc

50 4113 118 4164 tumn
127 4110 221 4169 adulta
232 4121 314 4169 aetste
326 4106 524 4185 inexplebilis,
538 4127 596 4184 qne
608 4127 675 4165 eum
686 4107 857 4182 incendisti,
870 4105 998 4182 pecunia
1014 4103 1097 4178 eupi-
