2784 4917
464 454 649 519 sartae
677 454 826 523 NONA.
1159 454 1177 515 ὅ

104 560 192 629 inde
208 584 321 655 operm
337 566 511 658 pretium:
529 569 674 662 pingues
689 570 870 665 aliquando
883 572 1048 658 lacernas,

105 672 323 741 Munimenta
339 689 444 769 togae,
463 676 540 743 duri
559 679 730 773 crassique
744 680 886 765 coloris,

102 782 147 847 Et
161 778 248 847 male
262 805 438 874 percussas
452 786 590 855 textoris
605 789 746 881 pectine
764 789 853 857 Galli
1146 802 1180 854 30

107 889 318 982 Accipimus,
334 906 437 959 tenue
452 908 633 987 argeutum
650 920 815 992 venaeque
830 898 995 969 secundae.

107 1000 187 1066 Fata
202 1014 326 1092 regunt
342 1002 520 1089 homines3
538 1002 644 1073 fatum
661 1019 712 1073 est
730 1021 764 1074 et
779 1006 931 1100 partibus
947 1006 1029 1091 illis,

106 1110 197 1196 Quas
214 1112 307 1179 sinus
321 1112 518 1183 abscondit:
538 1140 616 1183 uam
632 1115 660 1183 si
675 1117 737 1184 tibi
752 1115 862 1184 sidera
878 1131 1024 1200 cessant,

105 1218 163 1289 Nil
182 1218 282 1289 faciet
298 1219 390 1314 longi
407 1245 566 1293 mensura
585 1225 762 1317 incognita
777 1225 892 1308 nervi,

105 1328 269 1415 Quamvis
283 1344 318 1399 te
334 1331 464 1399 nudum
481 1334 654 1428 spumanti
670 1334 773 1402 Virro
795 1331 913 1401 labello
1144 1352 1180 1407 ³5

107 1437 258 1525 Viderit,
275 1456 310 1510 et
325 1441 460 1512 blandae
476 1444 608 1513 assidue
625 1444 805 1538 denamque
821 1441 950 1511 tabellae

103 1546 297 1617 Sollicitam
313 1576 321 1617 τ
337 1554 436 1631 Αὐτὸς·
445 1553 501 1649 γὰρ
516 1558 671 1648 ἐφέλκεται
685 1549 783 1649 ἄνδρα
797 1548 944 1631 κίναιδος.

103 1657 207 1744 Quod
225 1674 339 1727 tamen
354 1660 495 1730 ulterius
513 1678 724 1749 monstrum,
741 1687 842 1757 quam
857 1660 967 1729 mollis
981 1662 1123 1732 avarus?

105 1770 246 1837 -llaee
261 1770 382 1855 tribui;
397 1769 520 1839 deinde
534 1770 589 1839 illa
607 1772 704 1858 dedi3
721 1796 800 1839 mox
814 1769 913 1865 plura
926 1767 1050 1857 tulisti;

103 1874 335 1970 (Computat,
352 1902 390 1947 ac
405 1876 517 1947 cevut!
530 1879 545 1975 )
560 1895 708 1973 ponatur
725 1879 893 1965 calculus3
912 1877 1024 1946 adsint
1148 1902 1182 1963 49

104 1986 194 2052 Cum
210 1986 323 2055 tabula
339 1988 451 2081 pueri;
467 2012 610 2057 numera
631 1992 783 2059 sestertia
800 1989 951 2083 quinque

104 2094 274 2165 Omnibus
293 2097 327 2164 in
346 2098 454 2167 rebus.
473 2124 481 2165 :
498 2113 726 2167 numerentur
738 2096 862 2166 deinde
879 2098 1020 2167 labores.

103 2243 153 2254 —
165 2207 217 2271 An
233 2203 331 2273 facile
346 2220 381 2273 et
395 2229 542 2300 pronum
560 2221 611 2275 est
626 2231 727 2301 agere
742 2206 832 2275 intra
847 2206 977 2275 viscere
992 2230 1124 2299 penem·

105 2313 333 2406 Legitimum,
349 2331 452 2409 atque
467 2313 535 2385 illic
551 2316 719 2387 hesternae
734 2341 914 2387 occurrere
932 2314 1076 2385 coeurel‘

102 2520 177 2575 mibi
187 2540 259 2578 vero
271 2524 351 2579 nulla
363 2524 431 2581 hinc
443 2525 551 2583 laboris
562 2544 672 2584 merces
683 2524 862 2602 rependitur,
872 2524 928 2581 nisi
940 2520 1020 2599 quod
1033 2522 1180 2581 interdum

103 2612 208 2669 duram
214 2615 377 2691 pinguioris
386 2618 473 2688 lana,
483 2629 511 2675 et
523 2620 608 2676 massi
618 2618 672 2688 lili,
684 2619 893 2693 deterrimique
904 2616 1010 2672 coloris
1019 2618 1179 2687 lacernam,

103 2706 260 2779 imperitea
271 2709 384 2766 Gallico
396 2720 510 2767 textore
524 2712 699 2781 conlectam,
709 2710 739 2766 in
750 2722 825 2785 togae
836 2708 1048 2764 munimentum
1059 2707 1179 2783 accipio,

102 2798 247 2856 autetiam
257 2812 345 2857 tenue
355 2820 404 2857 ras
416 2804 528 2879 argenti
542 2822 595 2859 nec
605 2822 684 2861 venre
696 2801 833 2877 purioris.
846 2800 922 2857 Fatis
934 2799 1179 2877 regunturbomi-

102 2906 169 2959 πω
188 2890 243 2947 lata
263 2901 372 2969 regiam
392 2893 477 2951 etiam
497 2894 648 2969 pudendas
661 2894 724 2949 illas
740 2904 835 2969 partes
849 2912 919 2968 quas
933 2892 1087 2948 anterioris
1104 2902 1178 2967 toga

102 2979 181 3036 sinus
194 2982 356 3039 abscondit.
370 2986 442 3041 Nam
459 2985 484 3041 si
498 2986 550 3042 tibi
567 3004 667 3043 aversa
683 3002 745 3042 non
758 2985 855 3043 favent
866 2985 977 3054 sidem,
991 2984 1033 3039 nil
1045 2982 1179 3059 proderit

101 3074 225 3130 membri
233 3074 327 3131 virilis
338 3094 486 3147 mensura,
499 3078 566 3134 licet
578 3079 665 3154 longa
676 3087 705 3133 et
715 3076 846 3145 insolita,
861 3094 955 3150 neque
965 3076 1018 3132 ulli
1027 3074 1160 3131 anteriso
1169 3094 1184 3144 ;-

101 3166 231 3239 quamvis
248 3178 276 3223 te
292 3168 404 3225 nudum
419 3169 509 3227 Virro
522 3168 686 3245 impudicus
699 3168 899 3243 spumantibus
909 3168 997 3223 labris
1013 3164 1136 3234 riderit3
1148 3176 1178 3222 et

101 3268 132 3311 te
139 3256 251 3315 assidue
259 3258 374 3315 blandis
382 3260 549 3335 crebrisque
561 3260 665 3317 litteris
677 3259 713 3316 ad
722 3259 873 3316 libidinem
884 3257 1099 3315 sollicitaverit:
1110 3276 1177 3312 nam

101 3347 162 3421 ipse
173 3349 299 3405 rinaedus
310 3370 361 3406 sua
372 3352 419 3422 vi,
437 3362 573 3427 tanquam
586 3370 705 3427 magnes
720 3352 847 3420 serrum,
864 3350 960 3407 virum
975 3350 1013 3405 al
1031 3368 1060 3410 ae
1079 3350 1175 3404 trabit.

102 3440 183 3511 Quid
194 3453 289 3498 tamen
300 3440 394 3516 pejus,
405 3442 476 3519 quid
485 3444 598 3518 turpius
610 3442 788 3517 similiusque
797 3453 945 3512 monstro,
953 3458 1039 3516 quam
1051 3442 1176 3499 bominis

100 3534 208 3608 impuri
222 3544 251 3590 et
265 3534 372 3607 pathici
383 3534 501 3591 avaritia
509 3535 655 3603 i-Hrec‚
664 3534 776 3609 inquit,
789 3533 843 3589 tibi
852 3534 972 3610 largitus
980 3552 1058 3603 sum,
1070 3532 1175 3592 deinde

99 3627 149 3682 illa
163 3624 246 3695 dedi;
258 3644 327 3682 mox
343 3626 398 3682 alia
409 3630 560 3703 complura
573 3625 718 3701 accepisti;
733 3627 789 3694 sic,
803 3636 867 3699 qua
880 3624 997 3695 tribuit,
1012 3636 1173 3701 computat,

100 3728 130 3774 et
145 3718 254 3775 interea
267 3718 383 3775 libidini
397 3718 546 3796 indulget:
559 3720 696 3787 calculos,
712 3720 867 3786 exclamat,
880 3716 1080 3790 adhibeamus,
1100 3738 1174 3795 pro-

99 3812 186 3867 deant
204 3811 283 3867 servi
298 3830 364 3867 cum
381 3812 478 3867 tabula
494 3812 692 3880 calculatoria3
712 3827 777 3866 ecce
794 3820 916 3883 supputa
933 3830 939 3864 :
958 3809 988 3863 in
1006 3810 1173 3867 universum

96 3902 151 3969 tibi
158 3901 221 3975 jam
229 3902 299 3961 dedi
309 3901 439 3977 quinque
450 3904 592 3973 sestertia3
603 3921 682 3959 nnnc
693 3920 766 3958 vero
777 3912 981 3958 recenseantur
990 3904 1035 3958 tui
1046 3904 1170 3960 labores.

96 4026 136 4037 -
147 3994 278 4070 Ecquid?
295 4013 331 4049 an
344 3994 427 4051 facile
443 4006 473 4052 et
482 4014 609 4071 pronum
623 4004 666 4053 est
682 3994 759 4051 intra
772 3994 882 4051 viscera
895 4004 945 4048 tua
964 4012 1050 4069 agere
1067 4014 1171 4068 penem

93 4087 175 4159 justae
185 4086 408 4164 magnitudinis,
425 4100 454 4145 ct
470 4088 530 4145 illic
544 4086 669 4147 sordidis
682 4088 823 4143 hesterna
837 4104 923 4142 coence
937 4084 1054 4141 lacibus
1065 4105 1170 4142 occur-

97 4181 182 4237 rere?
193 4170 376 4238 Saneminus
390 4179 488 4236 infelix
501 4180 557 4237 erit
568 4179 616 4238 ille
627 4198 741 4250 semus,
756 4177 808 4253 qui
820 4194 922 4255 agrum
934 4176 1071 4247 araverit,
1085 4196 1170 4251 quam
