2784 4917
279 399 347 479 ,308
479 385 483 392 ¹
560 399 600 462 D.
629 395 767 462 JUNII
796 395 1082 460 tuvnnntts

283 516 366 583 Mox
379 512 575 609 acquirendi
589 513 689 583 docet
704 507 887 580 insatiabile
902 522 1029 578 votum.
1307 521 1347 573 nt

282 628 466 696 Servorum
479 639 611 693 ventres
623 620 740 690 modio
754 619 896 714 castigat
908 619 1041 712 iniquo,

282 737 360 829 lpse
369 758 504 829 quoque
513 732 660 802 esuriens
670 755 679 799 :
691 731 905 825 nequeenim
919 731 1032 798 omnia
1045 731 1189 800 sustinet
1200 751 1348 822 umquam
1368 797 1369 802 γ

283 843 424 914 Mucida
441 841 571 914 caerulei
589 841 686 936 panis
705 865 905 911 consumere
921 841 1043 928 frusta,

285 957 488 1022 Hesternum
503 951 618 1021 solitus
633 951 748 1020 medio
764 975 899 1021 servare
912 950 1055 1021 minutal

284 1063 498 1157 Septembri:
519 1086 584 1131 nec
601 1084 671 1129 non
687 1055 826 1130 differre
845 1061 881 1129 in
900 1077 1053 1157 tempora
1067 1085 1172 1132 coenae
1312 1074 1351 1128 ¹3⁰

284 1171 430 1241 Alterius
444 1171 611 1241 conchem
626 1170 774 1240 aestivam
789 1195 868 1240 cum
881 1186 978 1266 parte
991 1170 1107 1240 lacerti

283 1281 471 1375 Signatum,
491 1279 543 1350 vel
558 1278 699 1349 dimidio
713 1280 872 1375 putrique
885 1279 1009 1366 siluro,

283 1390 419 1484 Filaque
433 1391 551 1460 sectivi
563 1404 738 1460 numerata
752 1387 923 1460 includere
938 1389 1042 1483 porri.

284 1501 452 1572 Invitatus
465 1499 509 1570 ad
526 1502 601 1571 haec
618 1498 740 1593 aliquis
757 1500 798 1570 de
812 1515 915 1594 ponte
930 1498 1076 1594 negabit.

283 1611 352 1684 Sed
365 1636 434 1706 quo
449 1610 583 1679 divitias
598 1611 671 1680 hmo
688 1634 751 1704 per
767 1622 934 1678 tormenta
947 1621 1095 1692 coactos,
1313 1613 1369 1674 135'

284 1722 403 1811 Quum
416 1722 513 1792 furor
529 1721 621 1791 haud
636 1720 775 1808 dubius,
795 1743 900 1815 quum
914 1719 957 1788 sit
971 1717 1150 1788 manifesta
1165 1719 1343 1814 phrenesis,

284 1835 335 1902 Ut
350 1831 497 1926 locuples
514 1831 687 1918 moriaris,
707 1831 836 1925 egentis
852 1830 966 1898 vivere
983 1826 1078 1897 fato?
1220 1809 1236 1832 '

285 1948 420 2014 Interea
434 1941 537 2036 pleno
551 1965 656 2035 quum
671 1954 786 2035 turget
799 1937 953 2008 sacculus
967 1962 1044 2024 ore,

285 2054 414 2126 Crescit
431 2077 527 2122 amor
542 2051 654 2137 numi,
666 2063 833 2143 quantum
851 2049 924 2142 ipsa
940 2048 1085 2144 pecunia
1101 2048 1226 2136 crevit;

286 2165 329 2231 Et
343 2161 455 2231 minus
466 2160 557 2230 banc
573 2170 686 2254 optat,
700 2159 760 2252 qui
775 2158 985 2229 nonhabet:
1004 2182 1085 2252 ergo
1100 2172 1240 2252 paratur
1314 2179 1351 2234 rto

287 2431 452 2491 rudimenta
471 2442 540 2488 sunt
559 2433 720 2502 nonnulla,
743 2427 848 2505 quibus
869 2427 978 2484 tirones
1003 2425 1145 2501 auspicari
1166 2425 1295 2496 debent,
1315 2425 1351 2480 dn

288 2525 422 2600 protinus
438 2542 557 2600 operum
574 2542 678 2581 avarus
697 2531 797 2598 pater,
816 2531 851 2577 ut
868 2517 922 2576 lilii
941 2531 1054 2577 mature
1071 2519 1208 2576 omnibus
1226 2519 1302 2576 lucri
1316 2536 1352 2574 rr-

288 2614 364 2672 tibns
387 2615 626 2690 documentisque
646 2614 769 2685 imbuti,
800 2614 849 2670 vel
873 2611 1010 2669 minimos
1037 2609 1213 2670 conficiendi
1240 2623 1351 2687 quastus

287 2707 391 2765 modos
403 2707 531 2766 ediscere
543 2719 702 2783 cogentum
721 2725 789 2763 mox
805 2705 913 2763 excitat
931 2705 962 2762 in
975 2723 1078 2762 eorum
1094 2704 1197 2760 animis
1213 2703 1351 2762 insatiabi-

286 2800 345 2857 lem
365 2800 534 2874 ecquirendi
553 2811 583 2857 et
601 2801 729 2858 habendi
749 2798 946 2875 cupiditatem.
968 2801 1128 2856 sertorum
1146 2807 1269 2856 ventres
1286 2795 1352 2872 qussi

167 2900 169 2905 '
288 2888 473 2963 comprimit,
490 2890 620 2948 triticum
635 2891 723 2966 ipsis,
743 2892 857 2950 minore
878 2910 964 2967 quam
987 2909 1100 2966 equum
1119 2901 1176 2960 est,
1193 2891 1298 2948 modio
1311 2887 1351 2944 ad-

287 2980 422 3052 metiens,
436 2988 466 3039 et
475 2983 538 3056 ipse
551 2982 756 3058 quoquefeme
766 2983 876 3059 puriter
886 2983 1013 3052 laborem
1029 2999 1124 3056 neque
1139 2981 1218 3042 enim
1232 2983 1299 3039 sutis
1308 2979 1351 3038 sibi

288 3075 433 3150 imperare
446 3087 542 3151 potest
560 3095 717 3152 umquem,
738 3089 772 3134 ut
793 3077 891 3134 omnia
903 3075 1024 3133 frustula
1043 3075 1158 3134 caerntei
1179 3077 1220 3134 ob
1242 3073 1350 3134 mucidi-

289 3178 376 3224 tetem
392 3164 474 3241 ponis
489 3167 635 3237 comednt3
651 3169 834 3241 pulmentum
845 3187 861 3224 e
873 3169 945 3224 cibis
957 3167 1122 3225 minutatim
1135 3168 1260 3226 concisis
1273 3166 1352 3245 pridie

284 3269 421 3336 peretum
428 3275 462 3312 rc
469 3255 643 3328 delibatum,
652 3255 741 3313 medii
748 3257 824 3314 inter
833 3257 964 3314 fervores
971 3259 1155 3333 septembris,
1166 3279 1285 3318 servare
1292 3259 1352 3318 solet

289 3352 322 3408 iu
341 3359 507 3425 sequentem
524 3347 627 3405 diem:
645 3348 778 3404 fabarum
796 3367 864 3405 cum
881 3367 935 3406 suo
951 3361 1099 3407 coctorum
1115 3352 1283 3425 putamine,
1296 3353 1351 3408 item

289 3441 372 3500 siluri
385 3440 522 3500 incentive
533 3438 592 3513 jem
606 3441 749 3515 putentis,
767 3451 878 3516 psrtes,
895 3458 954 3497 una
970 3459 1051 3498 coena
1068 3441 1181 3499 relictus
1199 3444 1314 3519 reponit
1328 3442 1351 3496 ic

288 3536 409 3594 alterum
424 3552 550 3605 mnam,
566 3549 657 3607 eaque
670 3531 769 3590 omnis
781 3531 941 3608 diligenter
950 3531 1046 3607 sigillo
1060 3551 1113 3590 suo
1124 3535 1238 3592 munita
1249 3535 1350 3601 condit,

290 3646 358 3684 cum
372 3625 429 3686 filis
441 3625 524 3701 porri
536 3624 658 3694 sectilis,
675 3642 802 3699 quorum
815 3643 970 3682 numerum
985 3637 1117 3684 accurate
1130 3629 1284 3686 recensuit
1300 3629 1350 3684 ilo

289 3728 374 3794 gator
383 3716 414 3772 in
424 3717 562 3792 pontibus
575 3714 740 3774 mendicare
755 3715 871 3786 solitus,
886 3717 924 3773 ud
935 3715 1078 3789 ejusmodi
1092 3727 1212 3774 vocatus
1227 3718 1351 3786 obsonii,

289 3808 390 3866 venire
404 3821 557 3867 recusaret.
579 3807 639 3868 Sed
656 3809 887 3886 quidprosunt,
906 3827 925 3866 o
944 3826 1045 3880 avare,
1064 3808 1173 3868 divitie
1191 3829 1246 3885 per
1264 3821 1305 3868 tot
1318 3809 1351 3862 lr-

288 3903 376 3958 bores
397 3909 427 3956 et
447 3901 568 3958 sudores
591 3912 750 3978 congestae,
768 3921 861 3977 quum
878 3901 916 3960 sis
935 3921 1008 3960 vero
1026 3901 1144 3974 lurore,
1163 3923 1197 3961 ac
1216 3904 1350 3964 manifesta

286 3992 422 4071 phmesi
438 4003 610 4068 correptus,
632 3995 683 4069 qui
703 3995 784 4051 vives
805 4014 887 4053 more
910 3993 1054 4064 mendici,
1074 4007 1108 4052 ut
1126 3997 1261 4058 morieris
1280 4002 1350 4055 locu·

287 4085 371 4164 ples?
395 4082 517 4140 Interim
539 4084 594 4141 etsi
608 4103 746 4144 crumena
763 4086 858 4144 numis
878 4087 1001 4145 distentu
1025 4098 1153 4164 turgeat,
1175 4091 1349 4148 nibilominus

288 4175 453 4238 divitiorum
467 4171 566 4230 insane
582 4173 723 4249 cupiditas
737 4186 849 4234 tentum
863 4179 980 4250 crescit,
996 4189 1136 4255 quantum
1152 4181 1213 4257 ipsa
1226 4179 1349 4258 pecunia,
