2784 4917
858 385 1113 424 ΜΝ

39 643 368 764 sarum
393 643 716 766 nucina
746 647 1082 799 Quium.

23 1154 117 1289 Quis
135 1190 278 1275 nescit,
290 1187 411 1258 Volusi
427 1188 625 1284 Bithynice,
645 1187 758 1283 qualia
774 1187 911 1260 demens

23 1303 189 1397 AEgyptus
210 1313 378 1396 portenta
396 1296 509 1369 colat?
523 1283 867 1370 Crocodilon'adorat

23 1413 96 1483 Pars
110 1413 213 1499 haec3
235 1406 297 1478 illa
309 1423 411 1505 pavet
424 1423 572 1478 saturam
584 1409 799 1504 serpentibus
813 1409 896 1480 ibin.

23 1521 159 1617 Effigeis
175 1521 275 1591 sacri
290 1521 376 1589 nitet
389 1543 490 1607 aurea
503 1519 751 1614 cercopitheci,

23 1630 171 1701 Dimidio
187 1631 336 1725 magicae
351 1643 511 1698 resonant
522 1628 582 1698 ubi
599 1631 787 1698 Memnone
800 1627 953 1708 chordae,
1103 1648 1118 1700 5

24 1742 130 1834 Atque
147 1755 258 1810 vetus
270 1739 390 1809 Thebe
407 1753 544 1808 centum
554 1739 644 1834 jacet
658 1739 781 1809 obruta
793 1740 911 1834 portis.

27 1843 95 1920 illic
109 1851 301 1936 caeruleos,
316 1850 373 1920 hic
388 1850 514 1946 piscem
528 1847 699 1936 fluminis,
717 1847 787 1920 illic
887 1839 890 1846 ¹

28 1960 158 2055 Oppida
171 1975 252 2032 tota
268 1985 386 2031 canem
400 1975 623 2047 venerantur;
640 1984 741 2030 nemo
755 1961 913 2032 Dianam.

32 2069 167 2141 Porrum
186 2086 225 2142 et
242 2095 338 2167 caepe
350 2069 447 2140 nefas
459 2068 586 2141 violare
601 2087 635 2144 et
647 2071 806 2168 frangere
822 2096 948 2142 morsu.

31 2179 202 2252 Osanctas
217 2196 360 2278 gentes,
378 2180 504 2276 quibus
523 2181 596 2250 haec
614 2197 801 2252 nascuntur
818 2181 854 2252 in
871 2183 984 2255 hortis
1087 2219 1120 2253 ιο

33 2288 192 2361 Numina!
215 2290 343 2361 lanatis
355 2288 556 2360 animalibus
569 2290 713 2360 abstinet
726 2290 836 2361 omnis

34 2399 164 2489 biensa3
182 2400 287 2472 nefas
303 2399 373 2471 illic
386 2399 493 2470 fetum
505 2399 662 2496 jugulare
675 2399 833 2495 capellae:

34 2509 192 2580 Carnibus
203 2509 372 2582 humanis
382 2511 471 2580 vesci
482 2508 572 2581 licet.
584 2511 744 2582 Attonito
760 2533 866 2604 quum

35 2615 106 2687 Tale
121 2645 225 2716 super
239 2645 376 2692 coenam
391 2618 523 2690 facinus
537 2635 691 2690 narraret
703 2617 820 2690 Ulixes

223 2833 341 2874 mm
363 2833 486 2872 1110111
507 2831 633 2882 Quum
653 2834 914 2875 inuenturum.

74 2949 97 2987 ι.
116 2933 196 3004 Qors
217 2933 357 3012 ignorat,
379 2932 485 2991 Volusi
508 2933 680 3012 Bithynice,
705 2956 769 3013 qnae
790 2933 945 2994 numinum
963 2949 1116 3014 monstra,

42 3039 118 3094 qnam
127 3025 272 3085 ridiculos
283 3026 355 3084 deos
364 3025 497 3103 AEgyptii
506 3045 613 3085 vesana
622 3027 829 3104 superstitione
839 3029 1037 3086 venerentur?
1051 3030 1112 3088 Alii

43 3109 229 3190 crocodilum,
249 3118 302 3176 alii
316 3118 500 3195 serpentibus
516 3120 596 3195 pasci
609 3121 724 3178 solitam
737 3121 801 3178 ibin
813 3121 951 3197 religioso
964 3133 1045 3178 metu
1060 3141 1113 3180 co-

42 3201 105 3262 lunt.
122 3210 155 3266 ln
171 3211 296 3288 antiqua
308 3211 424 3282 Thebe,
440 3212 522 3287 cnjus
536 3210 641 3271 dirutae
653 3213 753 3290 jacent
766 3225 858 3292 portae
872 3223 1005 3284 centnm,
1017 3233 1112 3292 prope

44 3299 230 3368 quamvisitur
240 3314 336 3365 statua
344 3305 510 3362 Memnonis
515 3304 575 3379 iarn
585 3325 647 3364 non
655 3307 781 3385 integra,
795 3316 824 3364 et
832 3318 946 3385 gestans
955 3306 1111 3378 citharam,

47 3386 115 3464 wius
125 3393 261 3468 chorda,
275 3414 331 3472 per
342 3396 484 3474 magicam
500 3409 593 3455 artem
606 3418 712 3457 sonum
723 3399 879 3476 quemdum
893 3398 999 3467 edunt,
1015 3396 1047 3453 in
1062 3417 1112 3472 ea,

46 3474 167 3554 inquam,
185 3488 264 3546 urbe
281 3489 378 3566 imago
397 3507 486 3546 aurea
502 3488 596 3567 fulget
614 3491 705 3549 simiae
717 3491 845 3549 caudato
858 3489 891 3545 in
907 3487 1021 3563 templis
1040 3491 1114 3550 ado-

48 3581 114 3630 mtae.
122 3578 176 3636 Hic
184 3581 331 3654 marinos,
341 3581 402 3641 illic
411 3581 540 3641 fluviales
549 3583 654 3659 pisces,
667 3583 737 3640 olibi
746 3593 845 3640 cenem
854 3581 982 3638 civitates
992 3579 1113 3661 integra

50 3664 150 3740 coinnt3
160 3672 232 3730 ciris
241 3676 342 3733 nullus
351 3675 484 3732 Dianam
498 3679 589 3734 Porra
600 3687 630 3734 et
639 3695 730 3750 cepas
740 3693 838 3732 secare
849 3685 878 3731 et
890 3673 1026 3732 dentibus
1035 3675 1116 3734 iran-

53 3769 109 3826 8212
116 3759 215 3837 ingens
224 3766 372 3842 piaculum
378 3779 431 3826 est.
444 3771 473 3828 0
482 3769 647 3846 religiosam
656 3769 819 3840 notionem,
830 3767 878 3824 cui
886 3768 957 3825 deos
966 3767 1022 3844 ipsi
1033 3770 1116 3830 horti

52 3861 244 3926 ingenerant!
259 3862 472 3939 Lanigerorum
480 3861 649 3919 animalium
659 3861 795 3918 carnibus
804 3861 882 3918 vesci
890 3861 1017 3918 abstinet
1026 3881 1117 3922 unns-

55 3938 179 4019 quoqu„
194 3951 297 4012 hoedos
317 3955 451 4013 occidere
469 3954 549 4012 nefas
569 3963 614 4011 est
628 3954 708 4029 apud
725 3971 792 4024 eos;
810 3951 852 4012 fn
868 3971 941 4010 rem
959 3953 1116 4012 humanam

56 4045 156 4094 carnem
162 4045 324 4106 comedere.
333 4049 410 4107 Sane
418 4065 508 4123 quum
515 4045 610 4104 simile
618 4044 769 4122 quidpiam
779 4043 815 4103 de
824 4047 982 4122 Antiphnte
989 4065 1022 4104 ac
1031 4049 1118 4124 Poly-

58 4119 278 4286 ῬῘἻΙΠΙΜ
287 4139 366 4201 inter
375 4139 549 4201 mnndum
557 4138 684 4198 Alcinoo
693 4149 841 4213 narraret,
852 4158 916 4197 non
930 4138 1035 4196 dubito
1047 4139 1121 4216 quin

172 4270 180 4287 .
920 4235 961 4311 24
