2784 4917
262 403 322 446 122
412 379 585 444 VARIAE
609 379 904 445 LECTIONES
927 381 992 445 ET
1014 381 1172 447 NOTAE

257 492 380 546 occidere
390 493 517 556 auderet,
531 493 558 546 in
570 510 666 545 navem
682 493 820 563 publicam
834 492 975 564 impositus
992 505 1032 546 est
1044 511 1051 545 ε
1061 512 1093 545 ea
1105 492 1210 564 uajeeit
1220 492 1247 542 in
1255 491 1334 542 ttri-

257 597 324 630 cam.
335 591 361 630 et
373 581 547 646 Carthaginem
555 577 670 648 appulit,
677 575 725 626 ubi
735 575 810 628 exsul
820 589 846 627 et
853 593 958 647 pauper
961 595 1055 645 panem
1060 580 1211 628 modicata·
1219 574 1331 628 dicitur.

258 662 329 717 Vide
337 663 451 734 Appian.
469 662 533 714 Bell.
547 661 625 714 civit.
639 662 668 722 l,
683 663 715 712 61
727 700 734 726 ,
746 665 796 721 623
812 659 945 713 Plutarch.
955 661 984 712 in
998 660 1086 712 Mario
1093 672 1121 711 et
1130 659 1219 731 Sylla3
1230 658 1334 710 Vellei.

257 749 299 811 ΙΙ,
318 765 364 816 ¹9t
379 747 451 800 Flor.
473 748 536 812 111,
551 764 593 800 al.
612 746 676 811 Quo
689 743 772 798 modo
785 745 890 798 Mariua
902 743 1016 804 obierit.
1036 743 1172 816 discrepat
1186 741 1336 795 interscri-

258 843 366 902 ptores:
376 842 480 884 constat
495 841 600 890 tamen,
614 847 675 881 eum
688 839 822 880 senectute
838 827 991 880 coniectum
1004 839 1032 880 et
1042 829 1131 900 primo
1143 826 1246 898 septimi
1261 843 1333 877 con·

259 913 362 966 solatus
378 931 467 964 mense
480 923 617 963 mortuum
630 929 694 964 este.
710 908 775 962 Vid.
789 911 901 982 Appian.
915 912 970 966 loc.
986 909 1062 964 laud.
1079 929 1140 983 cap.
1154 910 1188 979 75
1198 950 1207 976 ,
1217 922 1244 962 et
1254 907 1330 960 Plut.

257 993 319 1047 loco
337 995 429 1048 citato.

293 1089 360 1142 Nor.
381 1089 440 1159 278.
460 1089 534 1148 unc,
548 1105 563 1140 e
577 1087 695 1158 longiori
708 1086 771 1140 rita.
780 1090 871 1138 -Illo
884 1091 951 1151 eise,
963 1088 995 1141 C.
1009 1088 1107 1140 Mario.

294 1260 360 1306 Van.
379 1259 438 1308 280.
459 1257 624 1316 edmundon,
645 1273 688 1318 at,
708 1273 751 1306 aa.

293 1353 360 1399 Van.
380 1352 439 1401 aba.
457 1353 494 1400 De
507 1353 590 1413 hiatu,
610 1353 666 1400 vide
683 1353 715 1402 ad
727 1356 753 1414 1,
773 1355 831 1402 151.

294 1446 362 1499 Nor.
385 1447 533 1500 allo—ada.
551 1447 579 1500 Si
594 1448 683 1499 statim
696 1459 817 1500 mortuus
829 1459 898 1499 esset
911 1458 973 1516 post
984 1444 1156 1516 triumphum
1168 1443 1202 1496 de
1218 1443 1340 1496 Cimbris

258 1543 285 1582 et
296 1531 477 1584 Teutonisseu
490 1532 659 1584 Teutonibus
670 1545 770 1586 actum.
784 1530 849 1584 Vid.
859 1531 945 1583 Vellei
970 1530 999 1594 Ι,
1015 1547 1062 1593 ta,
1075 1541 1102 1581 et
1115 1527 1254 1580 Plutarch.
1266 1526 1339 1578 locis

258 1614 396 1668 citatis.—
406 1618 518 1666 Aaronom
529 1617 633 1682 opimum
643 1655 650 1680 ,
659 1615 752 1668 laetitia
761 1613 936 1667 exsultantem
947 1625 1058 1685 propter
1068 1611 1155 1684 spolia
1162 1611 1252 1683 opima
1263 1610 1338 1678 (hoc

259 1708 313 1760 cat,
326 1709 365 1750 tot
375 1709 515 1770 tantasque
529 1698 685 1767 victorias),
700 1697 741 1750 rel
757 1696 792 1750 ad
807 1697 965 1750 satietatem.

295 1781 363 1834 Nor.
385 1783 444 1836 alla.
462 1787 500 1833 De
517 1801 590 1833 curru
606 1784 743 1848 Teutonico,
759 1802 815 1854 quo
830 1781 982 1835 uehebatur
1000 1780 1170 1851 triumphans
1182 1776 1217 1830 de
1232 1778 1338 1830 Teuto-

260 1865 349 1918 nibus.

295 2040 361 2084 Van.
379 2037 439 2091 284.
457 2035 591 2100 Epitheton
604 2035 685 2084 multoe
697 2037 815 2100 languere
830 2036 946 2083 hocloco
958 2051 1040 2100 aeque
1053 2033 1176 2082 renovant
1184 2041 1265 2096 poet:
1275 2047 1339 2078 oon·

263 2129 407 2168 sentaneum
422 2135 488 2179 ease,
504 2119 622 2182 putabant
634 2119 770 2169 Ruhnken.
785 2130 809 2167 et
822 2119 910 2167 llerel:
924 2128 1074 2182 quapropter
1087 2117 1128 2164 ille
1138 2116 1171 2165 ad
1181 2115 1269 2164 Vellei.
1284 2115 1337 2163 an.

263 2219 318 2268 pag.
332 2204 394 2266 ²39,
407 2205 473 2264 conj.
483 2215 581 2260 runata,
594 2203 635 2252 bic
646 2221 706 2252 vero
718 2204 745 2251 in
756 2203 833 2251 literis
846 2219 860 2250 a
874 2218 913 2250 mc
924 2201 987 2250 datis
994 2202 1086 2266 pulloe.
1098 2217 1152 2264 quse
1164 2215 1215 2247 vox
1226 2199 1338 2248 insolen-

265 2287 316 2334 tior
326 2284 441 2349 quidem‚
452 2284 495 2332 sed
510 2295 532 2333 ot
541 2287 651 2347 iocosior
660 2286 740 2334 videri
758 2296 838 2350 potest
852 2285 944 2349 vulgari
950 2284 1073 2348 pullatae,
1085 2300 1134 2347 qua
1143 2282 1273 2332 luvenalis
1282 2297 1338 2344 sup.

261 2369 312 2427 ΙΙΙ,
323 2371 383 2429 ari,
395 2369 478 2418 utitur.
495 2370 633 2434 Ingeniosa
646 2369 747 2434 quidem
758 2369 958 2417 emendationes:
969 2366 1012 2415 sed
1023 2383 1078 2415 nou
1088 2367 1174 2426 video,
1184 2382 1232 2414 cnr
1241 2365 1339 2429 vnlpta

263 2452 335 2500 lectio
348 2452 474 2516 langueat,
494 2467 548 2516 qua
565 2454 647 2517 potius
659 2451 691 2499 ad
705 2450 901 2516 magnitudinem
914 2451 1026 2514 Pompeii
1042 2448 1214 2498 declarandam
1230 2448 1339 2495 multum

261 2535 331 2584 valet.
343 2534 415 2583 Goni.
429 2534 525 2584 nomn.

294 2631 363 2682 Nor.
385 2629 533 2683 att-286.
553 2629 602 2683 Cn.
622 2631 753 2694 Pompeius
773 2627 889 2699 Magnus
906 2627 1023 2698 Neapoli
1042 2627 1072 2678 in
1092 2625 1244 2698 Campania
1260 2623 1340 2696 gravi

261 2713 404 2765 laborabat
415 2714 499 2777 febri,
516 2713 564 2767 sed
577 2717 687 2782 optanda
701 2731 733 2766 ac
745 2713 873 2777 salutari,
890 2731 974 2784 quum
984 2712 1010 2763 ei
1025 2714 1122 2763 dedisse
1141 2710 1184 2765 rel
1196 2711 1341 2762 immisisse

260 2792 347 2846 rideri
359 2807 464 2866 poterat
480 2799 617 2864 Campania
622 2800 742 2864 provida,
755 2793 833 2866 quasi
840 2793 991 2866 previdens
1004 2794 1077 2846 mala
1091 2793 1142 2864 ipsi
1154 2793 1340 2854 imminentia,

261 2875 377 2939 honest,
388 2895 518 2948 prospera
532 2897 589 2931 sors
603 2879 640 2931 ita
651 2879 731 2942 tulit,
746 2891 776 2930 ut
790 2878 906 2949 graviter
917 2889 1057 2948 aegrotaret
1071 2876 1201 2948 Neapoli3
1215 2875 1264 2929 sed
1278 2891 1340 2926 vota

256 2961 373 3025 publica,
387 2978 403 3011 a
415 2963 495 3011 maten
507 2963 606 3012 urbibus
616 2981 667 3033 pro
678 2965 736 3034 ejus
749 2963 861 3014 sanitate
871 2974 1018 3034 concepta,
1032 2964 1157 3023 nicenam,
1170 2980 1186 3014 a
1196 2957 1250 3013 diis
1260 2980 1342 3014 exau·

262 3039 318 3094 tlita
338 3029 522 3112 periecemnt,
540 3057 572 3096 nt
592 3063 624 3097 ex
646 3047 742 3098 morbo
763 3045 984 3098 convalesceret:
1004 3045 1079 3111 igino
1096 3049 1204 3094 Forama
1225 3041 1340 3096 adversa

262 3125 360 3178 multas
379 3139 405 3178 et
421 3128 469 3194 ipsi
488 3140 514 3179 et
537 3131 594 3177 {liii
609 3129 766 3200 importavit
784 3129 965 3191 calamitates,
982 3125 1115 3198 fecitque,
1136 3138 1166 3177 ut
1186 3124 1211 3176 ei
1231 3127 1306 3175 victo
1325 3142 1340 3175 a

264 3213 368 3265 Cusare
382 3212 410 3264 iu
426 3229 515 3282 pugna
528 3212 701 3278 Pharsalica,
720 3211 791 3265 etad
803 3212 992 3274 Ptolemaeum,
1004 3210 1114 3282 AEgypti
1125 3227 1231 3280 regem,
1244 3210 1341 3261 coniu-

262 3295 359 3366 gienti‚
372 3295 407 3346 ab
421 3293 544 3352 Achilla,
559 3294 686 3364 praelecto
696 3295 785 3365 regio,
799 3306 826 3347 et
836 3297 866 3347 L.
878 3293 1022 3364 Septimio,
1034 3294 1136 3344 tribuo.
1147 3291 1227 3346 milit.
1239 3289 1340 3362 gladiis

262 3380 618 3446 assemani-capiteomnium,
628 3376 662 3430 ad
670 3378 742 3430 hanc
749 3377 922 3449 ignominiam
932 3377 1165 3447 calamitatemque
1172 3389 1340 3428 reservatum

262 3463 305 3516 rel
316 3476 447 3516 servrtum
460 3462 488 3517 in
500 3461 645 3516 adventum
656 3463 776 3516 Caesaris.
790 3489 801 3508 ι
812 3461 937 3533 Πομπηΐου
949 3462 991 3518 τὴν
1004 3461 1046 3531 pls
1057 3460 1164 3529 κεφαλὴν
1177 3459 1340 3530 ἀποτεμόντες

263 3548 284 3596 οἱ
296 3547 351 3617 περὶ
364 3548 480 3611 Ποθεινὸν,
496 3549 624 3616 ἐφύλασσον
634 3546 746 3617 Kaicnpt,
760 3549 790 3603 ὣς
804 3545 844 3597 tet
853 3546 976 3617 μεγίσταις
989 3543 1114 3615 siparium,
1123 3569 1134 3590 ι
1144 3543 1263 3614 Appian.
1274 3542 1338 3594 Bell.

263 3630 321 3681 civ.
335 3631 379 3690 ΙΙ,
396 3631 429 3682 86
443 3648 484 3701 pr.
497 3629 568 3682 Vide
581 3631 651 3683 Plut.
668 3631 722 3681 vit.
741 3631 834 3701 Pomp.
853 3629 965 3700 Appian.
982 3629 1009 3680 b.
1021 3629 1072 3681 cir.
1085 3629 1132 3691 ΙΙ,
1147 3627 1271 3696 76-86,
1293 3643 1339 3694 90;

263 3711 330 3764 Plin.
348 3713 382 3772 V,
402 3731 431 3765 ια
442 3733 449 3776 ;
460 3713 533 3778 Vll,
546 3719 596 3779 26;
613 3713 684 3766 Flor.
697 3712 748 3776 IV,
763 3712 874 3775 113Dio
892 3711 955 3765 XLI
971 3731 1011 3784 pr.
1024 3711 1104 3765 Conl.
1117 3709 1197 3763 simil.
1211 3709 1267 3763 loc.
1279 3712 1340 3764 Sen.

264 3794 373 3846 Consul.
388 3795 423 3846 ad
437 3797 523 3849 Marc.
536 3816 595 3868 cap.
616 3815 663 3857 ao;
676 3797 772 3850 Vellei.
789 3798 832 3860 Il,
850 3797 893 3861 48,
905 3808 931 3848 et
945 3797 1014 3868 inpr.
1028 3795 1083 3848 Cic.
1098 3797 1180 3848 Tusc.
1192 3795 1298 3859 Quaest.
1309 3794 1337 3847 Ι.

265 3876 312 3935 35.
330 3875 403 3929 unde
413 3877 489 3930 locus
501 3891 591 3932 noster
605 3878 762 3951 desumptus
777 3893 824 3933 est.
840 3879 983 3952 Pompeius
1000 3892 1103 3941 autem,
1121 3891 1213 3931 tantus
1222 3878 1276 3942 vir,
1293 3875 1337 3948 qui

264 3973 317 4013 tres
332 3959 413 4030 gessit
427 3961 597 4026 consulatus,
616 3962 782 4036 totidemque
798 3963 957 4034 triumphis,
970 3981 1003 4015 ex
1017 3963 1104 4014 tribus
1118 3959 1191 4013 orbis
1205 3973 1339 4012 terrarum

262 4044 399 4118 partibus,
410 4046 501 4099 relatis
521 4048 606 4112 Magni
623 4065 772 4118 cognomen
791 4048 844 4100 sibi
858 4048 977 4122 peperit,
994 4049 1170 4101 obtruncatus
1189 4057 1229 4099 est
1250 4043 1334 4118 pridic

265 4129 363 4183 statulis
377 4127 418 4180 sui
432 4126 688 4198 ‹luodesexagesimi
705 4127 777 4182 Vide
789 4130 885 4184 Vellei.
900 4131 944 4192 11,
958 4130 1008 4193 ⁵3,
1021 4142 1048 4182 et
1061 4127 1197 4182 Plutarch.
