2784 4917
271 408 334 483 ada
545 401 587 466 Ι).
614 397 754 466 lUNll
780 397 1061 466 IUVENALIS

269 515 471 590 Particulam
485 515 542 583 vix
557 513 646 584 ferre
659 526 771 608 potes,
789 513 1020 610 spumantibus
1031 513 1151 583 ardens

268 625 481 712 Visceribus,
495 649 626 694 suerum
643 624 705 691 tibi
720 622 812 718 quod
826 647 896 690 non
911 622 1028 692 reddat
1039 625 1166 692 amicus
1315 639 1342 690 ιε

267 737 466 832 Depositum
481 761 489 804 ε
504 747 617 827 stupet
629 733 720 818 haec,
738 732 796 826 qui
811 729 880 824 jam
896 747 971 825 post
987 746 1077 826 terga
1091 730 1232 826 reliquit

268 848 448 942 Sexaginta
465 867 588 929 annos,
605 842 744 909 Fonteio
760 840 898 909 consule
913 841 1029 910 uatus?

269 959 323 1028 An
341 955 425 1024 nihil
442 955 477 1022 in
494 952 610 1020 melius
627 966 677 1019 tot
696 975 808 1019 rerum
824 950 963 1045 proficis
978 951 1061 1022 usu?

269 1070 397 1162 Magna
409 1063 562 1158 quidem,
579 1063 680 1130 sacris
695 1087 769 1156 quae
783 1061 840 1130 dat
857 1075 1025 1156 praecepta
1038 1060 1155 1130 libellis

269 1177 399 1247 Victrix
415 1177 573 1242 Fortunae
592 1173 783 1265 Sapientia:
802 1172 955 1240 ducimus
970 1188 1081 1242 autem
1314 1206 1341 1240 ιο
1372 1203 1373 1220 ¹

268 1289 339 1354 lios
357 1307 491 1378 quoque
508 1281 637 1365 felices,
647 1283 712 1375 'qui
729 1280 820 1349 ferre
835 1281 1049 1352 incommoda
1062 1283 1154 1370 vitae,
1372 1273 1373 1280 ἵ

268 1397 342 1466 Nec
357 1395 483 1486 jactare
495 1391 632 1485 jugum,
649 1389 719 1457 vita
735 1389 881 1460 didicere
898 1395 1065 1487 magistra.

316 1505 402 1594 Quae
416 1517 485 1572 tam
499 1500 585 1570 festa
600 1497 687 1587 dies,
703 1515 742 1568 ut
757 1515 861 1570 cesset
874 1499 1018 1595 prodere
1032 1499 1158 1588 furem,

269 1616 465 1701 Perfidiam,
484 1612 633 1697 fraudes,
647 1626 747 1706 atque
761 1611 853 1681 omui
867 1639 906 1682 ex
920 1613 1062 1683 crimine
1074 1612 1209 1682 lucrum

268 1727 472 1817 Quaesitum,
491 1740 526 1791 et
540 1737 653 1817 partos
669 1721 781 1818 gladio
796 1723 847 1792 vel
862 1721 984 1818 pyxide
1000 1721 1144 1794 numos?
1310 1739 1337 1790 et

267 1838 350 1909 Rari
368 1836 495 1930 quippe
510 1833 591 1901 boui
608 1857 616 1901 :
635 1857 797 1902 numerus
813 1835 869 1902 vix
888 1847 936 1902 est
954 1833 1110 1921 totidem,
1128 1848 1215 1928 quot

150 2014 154 2019 .
268 1946 459 2014 Thebarum
473 1955 593 2036 portae,
613 1939 666 2008 vel
680 1940 792 2009 divitis
806 1940 894 2008 ostia'
903 1939 984 2012 Nili.

269 2057 370 2125 Nona
384 2067 462 2122 retas
480 2052 602 2144 agitur,
621 2049 805 2144 pejoraque
821 2045 939 2119 saecula
959 2047 1039 2119 serri

271 2161 509 2256 Temporibus,
524 2183 669 2252 quorum
682 2157 799 2228 sceleri
814 2185 883 2228 non
900 2161 1029 2229 invenit
1043 2160 1113 2253 ipsa

270 2271 425 2360 Nomen,
445 2284 479 2338 et
495 2293 515 2336 a
532 2265 624 2336 nullo
642 2268 756 2363 posuit
771 2269 901 2340 Natura
917 2265 1061 2337 metallo.
1306 2283 1337 2336 30

271 2476 369 2555 exigui
389 2493 422 2532 ae
442 2473 514 2532 levis
532 2473 601 2530 mali
620 2471 790 2549 particulam
812 2475 935 2532 tolerare
955 2493 1096 2551 nequeas,
1116 2485 1146 2531 et
1166 2473 1286 2532 firrmtis
1307 2473 1334 2530 in

270 2588 384 2627 morem
395 2568 493 2641 animo
501 2566 708 2638 excandescas,
722 2563 761 2624 ob
775 2565 906 2626 {randena
919 2567 1003 2624 amici
1017 2567 1181 2644 depositum
1197 2567 1250 2624 tibi
1259 2567 1335 2624 resti-

273 2674 354 2719 tuere
375 2660 522 2737 negantis,
540 2660 621 2735 quod
641 2669 738 2715 sancte
757 2658 978 2718 custodiendum
995 2660 1031 2716 ab
1052 2679 1087 2716 eo
1107 2670 1137 2716 et
1159 2659 1333 2716 reddendum

271 2764 343 2811 erat.
355 2753 471 2809 Miraris
482 2754 539 2809 boe
550 2752 658 2810 scilieet
665 2793 674 2822 ,
687 2763 719 2807 tu
729 2752 819 2808 bomo
830 2751 1044 2829 sexagenarius,
1057 2761 1086 2808 et
1095 2751 1193 2808 editus
1205 2751 1236 2806 iu
1247 2752 1333 2806 lucem

273 2861 332 2918 quo
349 2854 479 2918 ternpore
495 2843 633 2900 Fonteius
648 2845 829 2902 consulatum
845 2845 977 2921 gerebat!
997 2844 1114 2902 Nihilne
1131 2843 1247 2900 tandem
1263 2843 1333 2900 didi·

270 2935 334 2992 cisti
345 2953 378 2991 ae
389 2933 538 3009 prolecisti
548 2935 586 2990 ad
596 2954 675 2991 casus
684 2935 822 2994 adversos
834 2937 925 2994 levius
938 2937 1072 2994 terendos
1086 2947 1144 2992 tam
1157 2938 1244 3013 longa
1256 2953 1332 3010 expe·

270 3027 394 3087 aientia?
414 3030 550 3102 Magnam
566 3028 684 3102 quidem
699 3028 758 3085 rim
778 3030 884 3086 babent
899 3029 1087 3105 philosophia
1103 3039 1261 3104 precepta,
1276 3045 1332 3102 qua

271 3119 302 3176 in
311 3117 472 3193 sapientum
483 3117 565 3174 libris
575 3129 701 3189 exstant,
713 3139 745 3177 ac
756 3120 877 3190 docent,
888 3139 947 3196 quo
959 3133 1044 3196 pacto
1054 3120 1171 3178 vincere
1181 3119 1332 3176 Fortunam

271 3209 429 3286 possimus;
450 3227 504 3265 nee
519 3209 669 3266 minorem·
678 3220 774 3270 tamen
787 3212 825 3269 ad
839 3213 920 3270 beate
940 3213 1097 3270 vivendum
1112 3212 1275 3270 laenitatem
1289 3211 1332 3267 dat

272 3302 334 3378 ipsa
345 3302 412 3357 ritae
426 3301 599 3377 quotidianae
612 3303 792 3362 consuetudo
807 3315 834 3360 et
846 3321 943 3362 reram
959 3325 1041 3375 usus,
1060 3325 1151 3382 quum
1167 3301 1330 3380 perferendo

273 3414 465 3460 erumnarum
480 3393 552 3469 jugo
564 3414 617 3452 nos
635 3395 797 3467 assuefacit,
815 3397 896 3454 etad
913 3397 986 3459 hanc
1004 3398 1148 3474 patientiae
1163 3397 1330 3473 disciplinam

272 3488 409 3565 magister
422 3486 528 3544 erudit.

312 3581 359 3636 23.
381 3583 459 3656 Age,
472 3599 558 3654 quem
573 3580 654 3638 dabis
668 3581 740 3638 mibi
756 3581 832 3639 diem
846 3593 904 3642 tam
919 3603 1047 3656 sacrum,
1061 3595 1118 3640 tam
1133 3584 1252 3650 festum
1269 3579 1329 3654 quin

272 3672 375 3746 aliquis
386 3674 465 3729 ineo
480 3673 712 3749 deprehendatur
727 3673 865 3748 perfidus,
883 3677 1096 3746 fraudulentus,
1112 3676 1169 3746 fur,
1182 3693 1268 3734 omne
1279 3671 1329 3728 eri-

272 3763 383 3820 minum
401 3783 492 3841 genus
512 3766 587 3824 lueri
602 3784 699 3827 caussa
721 3780 904 3843 susceptum,
922 3781 951 3826 et
971 3788 1040 3845 opes
1059 3770 1206 3826 ferro'aut
1227 3779 1327 3824 ueneno

270 3858 373 3930 partae!
388 3858 516 3931 Exiguus
531 3878 635 3933 nempe
651 3878 788 3917 numerus
803 3863 964 3936 proborum
976 3871 1027 3920 est.
1047 3863 1103 3918 Vix
1114 3873 1157 3920 tot
1169 3871 1251 3928 sunt,
1265 3863 1326 3932 quot

269 3947 349 4006 urbis
358 3949 501 4006 Thebanae
513 3962 623 4024 portae,
638 3953 683 4009 vel
693 3953 764 4010 ostia
780 3954 857 4026 Nili,
873 3956 923 4030 qui
934 3954 1007 4011 ditat
1019 3951 1326 4032 AEgyptum.8aem1um

270 4050 403 4098 nostrum
415 4037 511 4097 ferreo
524 4042 576 4098 illo
589 4045 697 4100 eaeeulo
712 4044 838 4102 deterius
854 4055 911 4113 est,
928 4066 1021 4121 neque
1035 4048 1126 4104 ullum
1140 4048 1227 4103 babet
1241 4039 1326 4100 metal-

269 4134 330 4192 lum
342 4145 459 4201 natura,
473 4151 533 4207 quo
546 4151 630 4198 nonae
643 4135 729 4210 hujus
744 4137 835 4198 aetatis
845 4138 1060 4216 improbitatem
1076 4139 1214 4216 designet.
1232 4139 1266 4194 Et
1280 4147 1325 4188 not
