2784 4917
275 421 336 488 152
546 421 586 484 D.
617 417 757 482 JUNII
786 415 1076 481 lUVENALIS

271 537 379 608 Novit
394 537 462 605 avis
477 549 592 604 noster
609 529 799 604 tirunculus
815 554 855 599 ac
872 530 966 598 rudis
982 531 1076 599 omui

272 649 460 740 Tempore,
481 660 515 714 et
529 645 658 738 exiguae
674 641 790 711 frustis
806 640 955 708 imbutus
969 639 1088 708 ofellae.

268 758 425 828 ¹Plebeios
442 755 562 826 calices
578 767 612 822 et
626 754 742 848 paucis
761 751 889 819 assibus
905 765 1015 819 emtos

273 868 433 962 Porriget
447 864 594 935 incultus
612 888 707 958 puer,
721 877 824 956 atque
838 885 858 927 a
875 859 1004 954 frigore
1020 873 1132 927 tutus:

274 980 355 1049 Non
372 978 559 1068 Phryxaut
572 974 713 1068 Lycius,
730 996 801 1039 non
814 996 835 1038 a
848 993 1017 1063 mangone
1033 970 1162 1063 petitus

274 1087 462 1180 Quisquam
478 1085 543 1152 erit
558 1098 593 1152 et
607 1106 750 1175 magno:
768 1104 873 1174 quum
889 1104 1024 1174 posces,
1042 1103 1146 1173 posce
1163 1075 1300 1146 Latine.

275 1197 372 1266 Idem
387 1196 520 1264 habitus
537 1195 685 1277 cunctis,
706 1193 794 1261 tonsi
810 1193 963 1285 rectique
978 1190 1111 1285 capilli,

276 1308 387 1400 Atque
401 1305 503 1374 hodie
520 1318 650 1373 tanturn
669 1317 810 1397 propter
825 1302 981 1370 convivia
996 1303 1081 1396 pexi.
1314 1304 1355 1355 ¹⁵⁰

278 1419 424 1487 Pastoris
438 1417 515 1486 duri
528 1415 585 1484 lric
598 1430 648 1484 est
661 1413 766 1498 filius,
786 1412 840 1482 ille
857 1411 1008 1482 bubulci.

278 1527 431 1623 Suspirat
447 1526 549 1620 longo
565 1551 635 1594 non
652 1524 756 1593 visam
774 1537 928 1617 tempore
947 1537 1107 1607 matrem,

245 1711 252 1732 ,
278 1638 325 1708 Et
338 1635 500 1720 casulam,
520 1652 555 1705 et
569 1651 667 1705 notos
684 1636 789 1704 tristis
805 1634 971 1703 desiderat
986 1633 1103 1703 haedos

280 1749 426 1842 Ingenui
440 1747 553 1816 vultus
566 1771 664 1842 puer,
679 1746 889 1841 ingenuique
904 1745 1061 1840 pudoris,

280 1857 406 1947 Quales
420 1882 491 1926 esse
507 1857 622 1941 decet,
640 1880 726 1949 quos
742 1855 865 1924 ardens
878 1880 1032 1951 purpura
1048 1856 1169 1942 vestit,
1314 1861 1354 1913 153

281 1971 358 2038 Nec
372 1966 554 2062 pugillares
568 1964 679 2034 desert
698 1966 733 2033 in
752 1965 871 2033 balnea
886 1950 1007 2036 raucus

282 2075 484 2162 Testiculos,
504 2099 568 2144 nec
582 2073 751 2143 vellendas
763 2075 833 2167 jam
848 2076 994 2168 praebuit
1009 2073 1093 2160 alas,

283 2190 404 2258 Cressa
417 2209 481 2255 nec
497 2185 653 2280 opposito
670 2185 812 2280 pavidus
827 2186 912 2280 tegit
925 2186 1065 2282 inguina
1081 2199 1192 2279 gutto.

285 2417 352 2482 tyro
366 2415 396 2463 et
408 2405 503 2477 rudis,
519 2425 579 2463 non
595 2407 687 2464 callet·
696 2408 944 2482 quemadmodum
959 2420 1025 2484 apte
1039 2420 1069 2466 et
1082 2408 1224 2464 decenter
1235 2405 1356 2478 oporteat

285 2498 411 2556 eximere
429 2509 541 2574 partem
560 2498 686 2574 aliquam
709 2519 818 2575 capreae
837 2511 934 2568 tosta,
957 2512 1007 2556 ant
1029 2502 1103 2557 alam
1123 2499 1241 2576 gollinae
1262 2488 1354 2550 numi-

285 2591 369 2660 dicae,
393 2591 501 2666 quippe
519 2591 570 2666 qui
589 2610 738 2666 nunquam
758 2592 813 2649 ista
831 2593 984 2664 didicerit,
1005 2613 1101 2668 neque
1119 2593 1190 2648 artis
1213 2591 1295 2648 istius
1313 2601 1357 2638 co·

286 2681 425 2756 quinariae
445 2682 621 2758 tyrocinium
642 2682 723 2739 aliud
741 2684 856 2753 fecerit,
881 2704 968 2759 quarn
990 2685 1022 2741 in
1043 2684 1173 2741 frustulis
1193 2676 1355 2759 quibu-‘alm

285 2773 381 2830 curnis
397 2785 478 2830 sectae
493 2775 640 2832 torrendis
653 2794 686 2832 ac
700 2795 785 2850 parce
798 2777 973 2835 dividendis.
985 2777 1164 2833 Ministrabit
1177 2774 1267 2832 nobis
1281 2765 1356 2826 rusti·

286 2885 374 2922 canus
396 2884 471 2939 puer
495 2877 525 2922 et
545 2866 731 2942 incomptus,
756 2869 896 2943 dabitque
913 2871 1033 2947 cyathos
1051 2869 1117 2925 vilis
1134 2868 1241 2943 pretii,
1263 2860 1355 2938 quibffi

285 2957 331 3014 uti
344 2957 426 3033 plebs
442 2957 530 3027 solet,
540 2957 601 3032 ipse
615 2978 708 3016 crassa
722 2970 813 3017 tectus
826 2973 919 3030 veste,
932 2973 1072 3036 quantum
1086 2961 1125 3016 ad
1138 2959 1298 3016 arcendum
1309 2949 1355 3005 ln'·

287 3071 341 3128 gus
360 3049 482 3108 sufficiat
496 3052 626 3107 :nullum
649 3071 665 3108 e
684 3054 812 3129 Phrygia
831 3054 946 3110 videbis
963 3054 1101 3129 petitum,
1122 3063 1172 3109 aut
1195 3048 1300 3128 Lycia,
1317 3038 1355 3093 tel

287 3163 395 3220 mpgno
409 3143 505 3217 pretio
519 3155 648 3218 emptum
661 3165 678 3200 a
691 3147 903 3220 mancipiorum
915 3146 1089 3202 venditore:
1106 3147 1130 3200 si
1145 3143 1220 3218 quid
1233 3143 1271 3198 ab
1287 3138 1355 3210 ipwa

288 3257 378 3314 quum
391 3236 584 3306 ministrabit,
602 3239 777 3311 postulabis,
789 3241 833 3295 sac
844 3241 974 3314 loquaris
983 3241 1083 3306 latine,
1100 3257 1195 3313 neque
1211 3237 1289 3295 enim
1299 3228 1354 3291 scit,

288 3341 323 3388 ut
333 3329 476 3387 nobilium
491 3329 581 3399 servi,
595 3348 686 3404 graece
698 3331 803 3387 dicere.
819 3334 921 3406 Neque
934 3332 997 3387 aliis
1010 3332 1081 3387 meis
1090 3329 1243 3404 mancipiis
1256 3327 1356 3395 elegan-

288 3425 347 3480 tius
358 3423 414 3480 erit
426 3422 560 3492 vestitus,
576 3422 712 3479 omnibus
723 3425 822 3481 eadem
835 3426 943 3500 quippe
957 3426 1043 3482 vestis
1059 3435 1119 3481 est:
1132 3423 1265 3480 omnium
1279 3428 1354 3473 comt

290 3527 410 3574 attonsae
421 3528 487 3572 sunt
499 3526 529 3571 et
543 3523 646 3586 rcctae,
665 3516 727 3572 sine
742 3516 883 3572 cincinnis
894 3528 924 3572 et
934 3528 1058 3584 ornatn3
1074 3535 1179 3590 easque
1191 3525 1301 3570 tantum
1311 3507 1355 3560 1¹⁰·

291 3609 354 3680 die,
370 3621 523 3684 propterea
534 3607 615 3682 quod
628 3609 723 3665 habeo
738 3621 767 3666 te
779 3611 947 3677 convivam,
963 3621 1089 3684 pectent.
1106 3609 1163 3664 Hic
1173 3617 1291 3682 pastore
1301 3611 1354 3654 1⁸8⁰

290 3700 405 3775 genitus
418 3711 477 3770 est,
492 3701 542 3756 ille
557 3700 703 3769 bubnlco;
714 3700 829 3756 liberali
839 3721 914 3775 puer
928 3703 1014 3757 vultu
1027 3712 1057 3758 et
1069 3701 1213 3775 pudorem
1225 3699 1355 3774 spinato

291 3791 370 3867 quali
381 3793 517 3849 convenit
528 3812 577 3852 eos
586 3812 646 3850 esse
657 3793 709 3868 qui
722 3803 819 3869 togam
829 3805 997 3867 praetextam
1006 3834 1015 3862 ,
1023 3804 1052 3850 ct
1061 3792 1153 3848 limbo
1165 3804 1311 3866 purpureo
1320 3783 1355 3834 51¹·

291 3881 425 3961 signitam
439 3895 562 3959 gestant,
584 3897 686 3942 moeret
705 3886 786 3960 quod
802 3905 819 3942 a
835 3905 888 3942 suo
903 3887 1039 3962 tugurio,
1055 3907 1070 3942 a
1090 3897 1182 3942 matre
1196 3881 1305 3957 jamdiu
1316 3891 1354 3930 re·

291 3978 375 4048 licta,
396 3977 432 4031 ab
452 3976 544 4032 hoedis
563 3979 655 4048 notis,
674 3979 804 4034 divulsus
822 3980 873 4048 sit,
894 3996 1002 4053 eosque
1018 3979 1146 4036 revisere
1157 3975 1253 4051 cupit!
1270 3965 1353 4028 necin

292 4073 393 4128 balnea
411 4087 478 4124 cum
495 4085 568 4124 voce
587 4087 673 4126 rauca
689 4072 874 4147 praegraudes
892 4071 986 4128 defert
1004 4072 1167 4140 testiculos,
1188 4089 1242 4127 uec
1260 4067 1351 4122 alarum

293 4167 369 4245 pilos
380 4163 440 4238 jam
451 4162 602 4222 vellendcs
616 4163 755 4238 praebuit,
767 4181 821 4220 uec
831 4164 955 4240 pavidus
969 4166 1099 4239 amplum
1111 4165 1221 4241 inguen
1235 4153 1355 4238 opposil⁰
