2784 4917
306 389 369 468 146
591 383 633 448 D.
657 381 791 446 JUNII
814 381 1091 447 tquNALts

301 505 348 574 Hi
367 501 564 598 plerumque
584 473 730 593 gradus:
751 496 920 566 conducta
937 498 1083 592 pecunia
1098 502 1213 568 Rome

301 615 346 682 Et
362 637 473 682 coram
492 609 641 678 dominis
659 608 887 694 consumitur,
903 607 981 676 inde
997 609 1057 676 ubi
1070 607 1223 702 paulum,

299 724 424 794 Nescio
438 721 537 816 quid,
553 734 722 813 superest,
741 734 775 786 et
792 717 893 813 pallet
910 718 1036 789 fencris
1052 735 1183 804 auctor,

300 833 370 922 Qui
386 847 518 903 vertere
535 829 660 914 solum,
677 829 775 898 ttaias
791 844 824 897 et
841 829 884 897 ad
901 844 1014 898 ostrea
1028 844 1184 899 currunt.

297 945 426 1014 Cedere
443 965 589 1034 namque
604 938 681 1008 foro
698 940 769 1032 jam
787 963 857 1008 non
874 954 926 1008 est
943 938 1112 1026 deterius,
1131 962 1230 1035 quarn
1330 949 1355 1006 so

298 1053 465 1149 Esquilias
482 1077 501 1120 a
519 1050 665 1120 ferventi
681 1051 828 1145 migrare
842 1050 986 1119 Subura.

297 1165 359 1238 Ille
373 1162 471 1233 dolor
485 1160 576 1231 solus
593 1161 737 1256 patriam
754 1159 980 1256 fugientibus,
997 1159 1054 1229 illa

297 1273 461 1343 Moestitia
476 1286 541 1356 est,
561 1270 707 1340 caruisse
722 1294 814 1338 anno
827 1271 1045 1340 Circensibus
1058 1293 1140 1338 uno.

295 1384 476 1481 Sanguinis
496 1383 529 1451 in
547 1381 632 1451 facie
649 1405 721 1450 non
734 1381 841 1450 baeret
855 1396 973 1475 gutta:
990 1393 1167 1450 morantur

295 1494 398 1564 Pauci
415 1491 597 1562 ridiculum
611 1490 830 1586 effugientem
845 1515 886 1559 ex
898 1491 995 1560 Urbe
1010 1489 1187 1586 pudorem.
1329 1500 1354 1553 tt

342 1601 525 1696 Experiere
538 1601 657 1687 bodie,
677 1601 846 1696 numquid
863 1600 1094 1694 pulcherrirna
1106 1601 1216 1684 dictu,

294 1713 447 1799 Persice,
462 1735 532 1780 non
549 1727 708 1806 praestern
726 1713 813 1798 vita,
828 1711 883 1781 vel
900 1711 1071 1798 moribus,
1087 1725 1122 1780 ct
1135 1734 1192 1796 re;

293 1822 363 1894 Sed
375 1821 509 1891 laudem
528 1819 664 1915 siliquas
680 1821 835 1891 occultus
851 1845 977 1914 gane03
998 1819 1109 1917 pultes

243 2025 244 2030 ἵ
294 1939 419 2007 Coram
435 1932 506 2002 aliis
521 1932 647 2001 dictem
662 1956 789 2027 puero,
805 1933 914 2001 sedin
930 1957 1012 2000 aure
1028 1930 1210 2026 placentas.

292 2047 382 2116 Nam
395 2069 502 2139 quum
521 2044 564 2112 sis
581 2044 725 2114 conviva
741 2044 826 2114 milri
842 2043 1045 2138 promissus,
1061 2041 1201 2111 babebis
1330 2049 1355 2100 60

184 2344 185 2352 ἵ
291 2291 575 2358 tremamegestatem
583 2280 764 2338 etmiseriam
775 2281 837 2338 istis
846 2281 907 2339 fere
916 2281 1054 2359 gradibus
1063 2277 1354 2355 deveniunt2primum

201 2389 203 2394 '
290 2391 426 2430 nummos
439 2372 585 2448 accipiunt
600 2383 733 2444 mutuos,
750 2393 825 2448 qnos
841 2377 942 2430 Romae
954 2372 1130 2448 dilapident,
1149 2369 1355 2448 inspectantibus

289 2466 360 2542 ipsis
371 2465 567 2523 creditoribus
578 2476 750 2541 :postquam
761 2467 811 2522 itta
823 2467 943 2541 pecunia
958 2477 1020 2522 tota
1032 2466 1123 2522 ferme
1136 2472 1304 2538 cousumpta
1312 2470 1355 2528 est,

290 2559 453 2634 incipitque
464 2559 770 2630 feneratorrnetuere‚
782 2577 820 2616 ne
832 2570 941 2617 sortem
948 2560 1069 2634 perdat,
1081 2571 1143 2616 tum
1156 2558 1206 2615 isti
1215 2557 1354 2617 nebulones

290 2653 415 2710 Romam
430 2653 532 2710 exsilio
547 2651 716 2710 voluntario
731 2652 886 2724 deserunt,
907 2652 1024 2710 demum
1038 2652 1075 2709 ed
1096 2654 1236 2708 boimunt
1254 2646 1354 2708 Ostien-

291 2763 390 2802 semve
399 2755 518 2824 portum
529 2745 654 2822 fugiunt.
664 2747 740 2801 Nam
753 2745 927 2821 decoquere,
937 2767 969 2802 ac
976 2747 1073 2802 forum
1082 2747 1279 2822 argentarium
1288 2743 1356 2800 relin-

286 2854 395 2911 quere,
408 2835 519 2892 nemini
533 2836 652 2892 videtur
667 2856 746 2893 nunc
760 2839 887 2914 turpius,
900 2857 986 2914 quam
999 2839 1036 2892 ab
1047 2855 1106 2893 una
1113 2837 1198 2894 urbis
1208 2839 1320 2915 regione
1326 2832 1355 2888 erl

291 2929 427 2998 alterurn,
446 2947 461 2984 a
476 2929 606 2986 Suburra
615 2971 624 2999 ,
633 2929 684 2985 ubi
699 2941 780 2988 testas
793 2943 823 2988 et
836 2933 968 2988 calorest
981 2931 1110 3006 gravior,
1122 2931 1153 2987 in
1165 2932 1303 3008 Esquilias
1316 2925 1356 2983 fri

290 3021 419 3099 gidiores
438 3022 602 3098 demigrare
613 3045 620 3080 ε
631 3039 724 3079 unum
744 3024 775 3080 id
794 3026 905 3082 exsules
924 3024 972 3081 isti
992 3023 1107 3096 dolent,
1125 3026 1209 3100 quod
1226 3025 1355 3082 Circenses

290 3115 376 3171 ludos
399 3113 485 3170 nnius
506 3113 592 3182 anni,
617 3133 677 3190 quo
697 3115 827 3174 abfuturi
843 3129 910 3175 sunt
933 3120 1042 3186 Roma,
1061 3117 1154 3192 spatio
1176 3138 1239 3176 non
1262 3125 1354 3192 specla-

290 3207 381 3266 bnnt:
394 3218 542 3275 ceterum,
559 3207 640 3281 quod
652 3208 839 3282 decoxerint,
850 3211 932 3286 quod
942 3211 1065 3285 patrium
1077 3211 1278 3281 deseruerint,
1290 3208 1354 3266 nnlb

289 3321 357 3378 pars
373 3301 455 3358 faciei
474 3300 627 3357 erubescit.
651 3302 767 3371 Quotus
788 3303 865 3359 enim
889 3304 1013 3380 quisque
1032 3304 1150 3361 taudem
1171 3317 1233 3375 est,
1251 3303 1297 3379 qni
1308 3319 1353 3376 pu·

290 3395 394 3452 dorem
413 3395 507 3451 Roma
524 3396 584 3468 jam
602 3393 735 3450 exsulare
757 3396 951 3471 compulsum,
972 3407 1003 3453 et
1020 3397 1057 3452 ab
1075 3397 1213 3456 omnibus
1234 3397 1353 3462 irrisum,

289 3487 418 3544 retinere
439 3483 539 3541 curet?
563 3517 564 3522 κ

329 3577 377 3634 56.
400 3577 548 3652 Intelliges
563 3575 706 3634 hodierna
720 3577 782 3649 die,
798 3597 817 3635 o
831 3577 960 3646 Persice,
975 3597 1012 3633 an
1023 3581 1174 3654 praeclaras
1189 3581 1257 3638 istos
1270 3581 1354 3652 fruga-

286 3670 373 3727 litatis
388 3672 466 3747 leges
484 3672 638 3728 observem
654 3672 762 3746 reipsr3
783 3681 882 3727 utrurn
897 3671 927 3726 in
943 3671 1075 3729 moribus
1094 3673 1178 3745 meis,
1197 3693 1233 3732 ac
1248 3668 1353 3728 risendi

285 3763 400 3821 ratione
416 3763 507 3820 veluti
526 3767 730 3840 representem
750 3783 797 3835 eo,
815 3783 878 3839 quae
897 3763 995 3821 verbis
1012 3776 1042 3821 et
1063 3764 1216 3842 magnilica
1236 3765 1352 3823 oratioue

284 3853 453 3931 praedicavi,
471 3876 507 3912 an
522 3859 619 3926 olera,
634 3870 664 3915 et
673 3860 746 3917 viles
762 3859 843 3915 cibos
857 3859 952 3933 palam
965 3859 1142 3930 collaudem,
1162 3860 1278 3917 interim
1292 3857 1351 3913 dun

283 3950 358 4005 clam
371 3966 474 4004 vescor
491 3948 681 4022 lautioribus;
700 3971 738 4008 an
758 3969 848 4027 quum
868 3950 1000 4008 invisunt
1017 3971 1064 4009 me
1081 3953 1181 4022 enrici,
1201 3955 1274 4010 clare
1290 3965 1350 4004 voce

279 4041 397 4118 jubeam
412 4059 427 4096 a
441 4058 526 4096 servo
543 4043 639 4115 parari
653 4043 725 4100 nrihi
739 4045 770 4102 in
786 4065 895 4114 coenam
912 4047 1020 4121 pultes3
1033 4065 1107 4103 voce
1123 4047 1193 4104 dein
1208 4045 1347 4110 subruitur

281 4135 376 4196 eidem
395 4145 429 4192 ut
443 4133 591 4211 placentas
604 4149 744 4215 apponet,
766 4140 917 4218 imperem.
940 4141 1039 4212 Quum
1055 4139 1134 4198 enim
1150 4137 1311 4218 promiseris
1324 4144 1347 4189 te
