2784 4917
269 488 312 550 7⁰
574 463 615 525 D.
637 460 774 525 IUNII
795 458 1071 525 IUVENALIS

267 575 489 659 Verberibus3
505 574 665 670 quosdam
683 572 833 641 moechos
848 587 882 641 et
895 572 1029 667 mugilis
1045 575 1157 643 intrat.

268 685 334 755 Sed
353 700 428 753 tuus
443 684 636 778 Endymion
657 682 785 750 dilectoe
801 680 858 749 liet
873 680 1005 751 adulter

269 801 451 883 Matronae3
475 822 552 865 mox
568 820 671 889 quum
685 794 817 863 dederit
832 792 972 862 Servilia
986 818 1159 880 nummos,

268 908 339 977 Fiet
353 923 388 977 et
402 906 505 989 illins,
523 930 624 1000 quam
641 928 711 973 non
725 918 814 972 amat
830 929 838 970 :
853 918 952 973 exuet
964 928 1100 973 omnem
1281 921 1329 973 3²0

269 1019 428 1110 Corporis
443 1032 601 1085 ornatum
618 1041 625 1082 :
643 1014 727 1109 quid
746 1015 836 1082 enim
852 1012 919 1082 ulla
938 1016 1111 1108 negaverit
1123 1015 1200 1085 udis

269 1126 486 1219 Inguinibus,
502 1126 571 1192 sive
588 1138 638 1192 est
652 1123 723 1192 lnec
738 1124 867 1217 Oppia,
884 1125 953 1193 sive
966 1122 1120 1194 Catulla?

268 1235 425 1304 Deterior
438 1249 525 1302 totos
537 1232 635 1300 habet
650 1230 717 1301 illic
728 1232 855 1301 semina
866 1258 985 1303 mores.

267 1342 394 1411 -Sed
407 1356 497 1413 casto
510 1341 590 1435 quid
603 1340 711 1409 forma
723 1342 846 1411 nocet?
859 1383 906 1395 -
919 1342 1002 1436 quid
1016 1342 1147 1436 profuit
1159 1344 1261 1411 immo

269 1450 454 1545 Hippolyto
470 1474 571 1545 grave
589 1450 824 1544 propositum?
839 1451 923 1545 quid
940 1451 1217 1545 Bellerophonti?
1280 1473 1328 1526 ³25

268 1561 413 1630 Erubuit
429 1584 550 1653 nempe
567 1560 653 1643 lraec,
669 1584 730 1628 ceu
749 1559 910 1643 fastidita,
927 1560 1075 1656 repulsa3

269 1672 343 1741 Nec
354 1670 555 1739 Sthenoboea
568 1672 693 1755 minus,
709 1695 808 1763 quam
823 1674 957 1757 Cressa,
970 1672 1165 1759 excanduit3
1181 1689 1257 1743 etse

269 1784 476 1851 Concussere
491 1780 616 1849 ambre:
632 1777 752 1847 mulier
761 1781 937 1849 saevissima
951 1796 1033 1852 tunc
1045 1796 1111 1865 est,

268 1890 384 1979 Quum
396 1890 547 1959 stimulos
561 1888 639 1957 odio
654 1889 765 1983 pudor
777 1888 942 1959 admovet.
958 1890 1073 1983 Elige,
1087 1891 1248 1985 quidnam

268 2000 485 2071 Suadendum
500 2024 569 2069 esse
588 2015 701 2093 putes,
721 2000 776 2067 cui
797 1999 924 2067 nubere
938 2001 1075 2069 Caesaris
1090 2026 1176 2071 uxor
1283 2018 1332 2072 330

267 2112 421 2180 Destinat
436 2138 444 2179 ε
460 2110 606 2204 optimus
620 2109 691 2194 hic,
706 2124 740 2178 et
755 2108 1015 2178 formosissimus
1028 2109 1116 2178 idem

269 2223 387 2291 Gentis
400 2220 567 2315 patricias,
586 2220 716 2313 rapitur
730 2220 831 2288 miser
845 2220 1105 2314 exstinguendus

268 2436 352 2509 cidit3
371 2435 503 2493 nonnulli
518 2454 592 2511 saepe
605 2436 740 2511 mugilem
755 2436 893 2493 adulteris
904 2436 1027 2511 pervim
1039 2436 1219 2495 immiserunt
1231 2438 1336 2495 meriti.

269 2530 328 2587 Sed
342 2540 407 2586 tuus
420 2528 511 2597 lilius,
526 2546 605 2602 atquc
620 2530 789 2603 pulcheriae
803 2529 983 2602 Endymion,
996 2539 1142 2584 memorias
1152 2538 1265 2585 tanturn
1278 2530 1336 2585 for-

270 2640 362 2677 mosas
374 2631 402 2676 et
415 2630 520 2676 amatas
533 2620 689 2693 stuprebi13
700 2618 789 2675 immo
801 2636 873 2675 vero
886 2619 971 2674 etiam
986 2618 1047 2674 itus
1058 2638 1129 2692 quas
1142 2638 1203 2675 uon
1219 2620 1337 2696 diliget,

270 2724 299 2769 et
312 2712 472 2769 deformem
488 2712 578 2783 ipsam
590 2712 756 2781 Serviliam,
771 2709 861 2767 modo
876 2710 1026 2785 pecuniam
1039 2709 1173 2770 dederit:
1187 2711 1250 2766 haec
1266 2711 1338 2767 nihil

269 2803 330 2860 lilio
349 2814 400 2859 tuo
417 2804 588 2878 denegabit,
603 2802 757 2879 omniaque
768 2802 873 2860 olleret
883 2803 1014 2878 corporis
1028 2814 1214 2873 ornamenta,
1227 2815 1262 2859 nt
1274 2824 1338 2861 eum

270 2895 325 2953 sibi
341 2895 483 2951 devinciat
496 2916 502 2951 :
515 2896 592 2951 nulla
611 2899 686 2952 enim
702 2896 817 2962 mulier,
831 2896 891 2951 sire
906 2894 1016 2971 Oppia,
1030 2896 1091 2951 sive
1105 2897 1230 2964 Catulla,
1246 2916 1338 2971 quum

269 2986 371 3043 ardent
386 2986 508 3041 libidine
525 2986 638 3042 uredida
656 2987 731 3043 illius
749 2987 884 3063 inguina,
904 2988 1030 3061 pretinm
1046 2998 1159 3043 recusat
1177 2988 1238 3043 suis
1251 2990 1338 3046 adnl-

270 3079 348 3148 teris‚
359 3090 393 3133 ut
402 3078 543 3135 desideria
553 3080 673 3152 expleat.
684 3081 801 3135 Femina
811 3080 840 3133 in
852 3078 915 3135 aliis
925 3080 1012 3135 rebus
1022 3079 1157 3152 pessima,
1168 3098 1290 3135 omnem
1299 3081 1340 3135 in·

270 3172 419 3239 dustriam,
430 3188 529 3226 omnes
538 3171 671 3245 eorporis
682 3180 712 3226 et
720 3171 809 3226 animi
817 3188 923 3226 nervos
932 3171 970 3226 ed
979 3171 1057 3225 hunc
1065 3168 1152 3226 linem
1162 3172 1339 3229 intendit.—

269 3268 395 3331 Verum‚
409 3261 539 3336 inquies,
553 3262 626 3335 qnid
637 3262 719 3319 obest
732 3262 872 3331 lorma,si
881 3261 946 3335 quis
954 3260 1122 3334 pudicitiam
1137 3262 1269 3319 retinere
1281 3282 1340 3321 om·

269 3356 341 3413 nino
348 3354 516 3413 decreverit.
525 3356 745 3410 -Decrererat
754 3354 831 3410 istud
839 3353 957 3428 quidem
969 3354 1160 3429 Hippolytus3
1170 3354 1340 3413 decreverat

269 3448 480 3522 Bellerophon;
490 3464 576 3519 quam
586 3446 721 3521 gravibus
731 3456 855 3519 uterque
866 3444 1053 3500 nihilominus
1062 3445 1196 3518 periculis
1206 3457 1237 3501 et
1246 3446 1340 3503 exitiis

270 3541 400 3613 objectus
411 3539 465 3595 est!
479 3537 597 3593 Phaedra
608 3556 638 3593 se
650 3538 793 3611 repulsam
807 3538 844 3592 ab
859 3537 1020 3612 Hippolyto
1036 3536 1151 3605 videns,
1166 3546 1198 3595 et
1210 3551 1340 3597 contem-

268 3645 363 3707 ptam,
375 3634 488 3707 pndnre
503 3631 588 3688 simul
600 3640 628 3687 et
638 3631 708 3691 odio
719 3629 756 3686 sd
768 3631 909 3686 ultionem
920 3629 1034 3686 exarsit·
1046 3632 1106 3685 Nec
1119 3631 1245 3688 leviores
1254 3652 1340 3708 qnam

269 3724 388 3779 Phaedra
402 3724 534 3796 concepit
548 3724 604 3780 iras
617 3722 803 3791 Sthenobaes,
818 3722 1051 3794 Bellerophontis
1066 3722 1213 3778 fastidium
1227 3736 1259 3779 et
1275 3744 1341 3801 pro

269 3817 389 3873 bitatem
408 3835 466 3872 non
480 3817 573 3873 serens
588 3840 595 3873 :
610 3818 707 3891 itaque
726 3814 817 3870 nmbae
832 3814 869 3870 ad
886 3814 1109 3871 castissimorum
1124 3815 1341 3874 adolescentum

270 3908 429 3987 perniciem
448 3908 516 3962 totis
536 3910 637 3967 animis
653 3909 856 3964 incubuerunt.
876 3907 955 3963 Nihil
975 3917 1018 3962 est
1036 3908 1157 3963 muliere
1171 3909 1341 3976 crudelius,

270 4020 361 4079 quum
372 4000 409 4056 ad
421 3998 520 4053 odium
536 4000 634 4074 pudor
644 4012 673 4056 et
690 4000 813 4056 infamiae
831 4011 924 4055 metus
941 4000 1065 4055 accessit.
1081 4004 1160 4075 Age,
1175 4000 1249 4074 quid
1270 4022 1342 4060 con·

270 4097 326 4157 silii
343 4092 513 4169 capiendum
531 4110 589 4147 esse
608 4103 689 4166 putas
707 4092 798 4163 Silio,
813 4093 861 4148 cui
879 4092 990 4149 nubere
1008 4094 1126 4149 Caesrris
1142 4112 1220 4149 uxor
1234 4095 1342 4152 consti·

271 4188 345 4248 tuit?
359 4186 534 4247 Adolescens
546 4184 660 4261 egregie
671 4186 800 4260 probus,
813 4187 970 4256 formosus,
982 4188 1088 4245 nobilis
1098 4199 1128 4243 et
1141 4188 1267 4262 patricio
1278 4192 1341 4247 loco
