2784 4917
68 696 423 821 SATIRA
452 706 791 828 DECIMA
819 710 1119 843 SEXTA.

524 1052 689 1070 m

46 1292 155 1423 Qum
173 1346 369 1395 numerare
384 1342 486 1423 queat
500 1328 608 1401 felicis
625 1332 779 1427 praemia,
796 1335 907 1423 Galle,

44 1430 210 1505 Militiae?
228 1436 355 1506 namsi
369 1438 556 1509 subeuntur
570 1466 733 1537 prospera
749 1459 872 1531 castra,

46 1544 107 1611 Mc
123 1545 305 1638 pavidum
323 1549 467 1643 excipiat
483 1550 629 1621 tironem
646 1567 745 1646 porta
757 1554 906 1625 secundo

49 1651 172 1722 Sidere
194 1680 203 1723 t
228 1654 310 1750 plus
327 1658 453 1725 etenim
469 1657 529 1729 lati
547 1659 634 1729 valet
651 1662 735 1731 bora
748 1663 909 1756 benigni,

49 1758 164 1846 Quam
183 1765 215 1832 si
234 1790 302 1836 nos
317 1766 461 1841 Veneris
478 1770 691 1839 commendet
709 1770 850 1865 epistola
866 1773 988 1859 Marti,
1123 1791 1138 1844 ⁵

52 1868 94 1937 Et
106 1873 228 1941 Samia
249 1875 398 1967 genitrix
414 1901 488 1969 quat
505 1878 690 1953 delectatur
704 1904 815 1950 arena.
919 1915 921 1918 ·

97 1982 302 2051 Commoda
320 1999 500 2055 tractemus
519 1989 664 2082 primum
684 1990 895 2077 communia,
914 1992 1061 2085 quorum

54 2090 152 2160 Haud
170 2092 361 2162 minimum
379 2093 461 2163 illud
477 2097 557 2181 erit,
572 2123 615 2165 ne
627 2112 661 2167 te
677 2098 813 2192 pulsare
831 2113 963 2192 togatus

57 2200 207 2297 Audeat3
235 2204 362 2289 immo,
380 2202 442 2272 etsi
460 2204 623 2299 pulsetur,
640 2206 835 2291 dissimilet,
855 2232 919 2275 nec

59 2309 193 2382 Audeat
211 2338 373 2383 excussos
387 2315 526 2384 Praetori
542 2312 721 2383 ostendere
738 2314 872 2400 dentes,
917 2317 922 2327 '
995 2400 1000 2415 .
1106 2345 1140 2380 to

58 2423 100 2490 Et
113 2424 252 2519 nigram
273 2425 309 2493 in
325 2424 410 2495 facie
428 2426 564 2495 tumidis
580 2424 746 2495 livoribus
762 2424 885 2512 ollam,

58 2530 167 2626 Atque
186 2532 330 2605 oculum
346 2534 477 2605 medico
492 2534 539 2604 nil
555 2536 773 2630 promittente
789 2534 955 2604 relictum.

64 2641 247 2715 Bardaicus
262 2643 365 2743 judex
384 2644 484 2715 datur
500 2645 571 2715 baec
587 2644 709 2740 punire
725 2642 867 2735 volenti,

273 2903 385 2943 sarran
406 2904 526 2945 nucina
544 2886 933 2948 saxrn'rnrraranrarro.„

101 3028 126 3065 r.
147 3012 228 3084 Quis
239 3014 344 3089 possit,
355 3013 449 3083 Galle,
457 3008 611 3072 fortunatae
618 3013 887 3072 militiarcommoda
894 3014 1062 3071 mansere?
1070 3016 1133 3092 Ego

64 3110 150 3173 certe,
169 3104 195 3160 si
210 3125 271 3181 qna
286 3104 406 3163 daretur
423 3106 535 3163 occasio
553 3106 696 3163 militandi
713 3107 868 3164 fortunatis
887 3105 917 3161 in
937 3106 1053 3184 caetris,
1067 3107 1134 3163 licet

64 3189 207 3266 imperitus
216 3198 377 3277 admodum
391 3198 461 3256 belli
471 3218 504 3257 ac
516 3198 574 3256 tiro
585 3200 675 3275 plano
685 3198 754 3266 sim,
766 3218 827 3256 non
840 3198 969 3255 dubitem
982 3197 1133 3253 nibilomi-

63 3298 113 3339 nus
129 3304 160 3343 ea
175 3290 277 3348 subire
290 3290 389 3349 faustis
403 3292 549 3350 ominibus
558 3292 827 3363 etannncntelat03
840 3284 920 3364 cnjus
928 3290 1132 3365 opportunitas

66 3384 90 3427 tl
102 3396 209 3439 numen
221 3384 341 3459 majoris
356 3383 394 3441 ad
409 3384 527 3442 felicem
537 3385 672 3443 militiam
686 3397 730 3443 cst
744 3384 900 3453 momenti,
915 3382 1038 3458 quamsi
1050 3400 1132 3437 com·
1173 3428 1181 3445 ,

66 3472 239 3535 mendatitias
256 3478 295 3534 ad
308 3480 433 3535 Martem
451 3479 549 3536 literas
561 3478 716 3535 babeamus
732 3482 889 3548 aVenere,
907 3488 957 3533 ant
977 3475 1065 3533 etiam
1081 3477 1133 3533 Ju-

66 3574 151 3630 none,
164 3584 228 3641 quc
240 3586 306 3624 enm
319 3569 433 3645 pennu,
446 3578 554 3643 ecquae
563 3568 681 3626 Samum
691 3568 824 3643 inprimis
834 3567 938 3643 diligit.

103 3670 128 3721 7·
148 3656 245 3717 Primo
255 3659 527 3734 quidem-videmnus
536 3662 689 3718 commoda
698 3671 837 3735 quaesunt
848 3657 1131 3717 omnibnsmilitibus

70 3750 232 3806 mummia.
251 3753 333 3809 inter
346 3752 397 3808 illa
409 3752 465 3809 boe
473 3750 580 3809 'ultimo
592 3754 659 3811 loco
675 3752 888 3810 numerandum
902 3770 966 3808 non
976 3762 1037 3822 est,
1050 3753 1131 3827 qnod

71 3833 156 3893 ¹¹ullus
174 3840 243 3899 ciris
264 3843 367 3901 audeat
389 3843 510 3901 militem
531 3844 709 3920 percutere?
729 3846 823 3901 lmrno
846 3843 978 3919 quamvis
1000 3864 1017 3901 a
1040 3844 1131 3901 milite

71 3920 132 3982 ciris
142 3934 286 4003 perculsus
299 3936 360 4013 ipse
367 3935 474 4005 merit,
490 3937 588 4008 sileat,
603 3956 656 3994 nec
666 3935 774 3993 audeat·
781 3935 875 4010 judici
887 3946 1049 3993 monstrare
1060 3935 1131 3991 ‹lcu-

73 4016 504 4099 tentiextmor,ac1iridnm
525 4028 676 4085 tuberibus
694 4027 787 4105 nigris
806 4029 935 4100 vultum,
956 4028 1130 4100 oculumque

74 4118 155 4168 “num
170 4116 306 4179 alionum
317 4120 438 4180 omnino
447 4122 592 4193 ,alterum
604 4139 677 4181 soro
688 4119 729 4180 ita
741 4122 944 4191 vulneratam,
956 4130 992 4176 nt
1002 4108 1130 4175 medicus
