2784 4917
123 440 126 448 ι
237 412 258 479 a
509 396 1037 475 n.1un111uvauat1s

236 532 363 599 Servus
379 527 444 594 erit
458 526 570 595 minus
587 524 643 595 ille
660 524 781 605 miser,
796 523 856 618 qui
870 521 998 596 foderit
1011 546 1148 616 agrum,
1269 528 1301 592 as

238 640 348 727 Quam
369 633 558 706 dominum!
576 635 644 705 Sed
658 651 695 703 tu
712 658 792 703 sane
812 649 968 703 tenerum
983 647 1017 702 et
1034 658 1177 727 puerum
1192 646 1240 718 te,

238 753 284 819 Et
300 748 500 845 pulchrum,
516 763 551 817 et
565 746 708 841 dignum
725 743 850 838 cyatho
866 742 1018 838 caeloque
1033 744 1185 838 putabas.

237 862 309 929 Vos
323 860 443 929 humili
459 857 617 943 adseclae,
634 879 692 925 vos
707 852 925 948 indulgebitis
938 878 1100 948 umquam

240 967 388 1054 Cultori,
402 969 471 1061 jam
487 990 553 1037 uec
567 966 686 1035 morbo
703 964 831 1035 donare
846 963 974 1062 parati?

239 1080 294 1147 En
308 1078 362 1145 cui
379 1090 417 1145 tu
431 1074 576 1145 viridem
592 1073 793 1156 umbellam,
809 1074 864 1143 cui
880 1074 1017 1143 succina
1032 1072 1146 1141 mittas
1275 1079 1307 1134 50

240 1168 408 1268 Grandia,
424 1181 543 1251 natalis
560 1183 694 1277 quoties
710 1182 818 1270 redit,
838 1198 896 1253 aut
912 1181 1088 1251 madidum
1106 1206 1167 1251 ver

240 1294 386 1387 Incipit,
400 1307 436 1363 et
451 1307 557 1361 strata
572 1293 703 1387 positus
716 1292 883 1387 longaque
899 1292 1061 1369 cathedra

242 1406 390 1472 Munera
403 1400 559 1471 femineis
576 1416 698 1472 tractat
710 1417 841 1473 secreta
854 1398 1029 1474 Calendis!

291 1512 373 1596 Dic,
392 1534 523 1605 passer,
540 1512 595 1580 cui
608 1526 661 1580 tot
674 1526 827 1596 montes,
844 1525 895 1580 tot
911 1510 1037 1605 praedia
1051 1534 1164 1579 servas

248 1619 395 1715 Appula,
412 1635 463 1690 tot
477 1620 597 1691 milvos
613 1622 703 1689 intra
718 1636 776 1690 tua
790 1645 912 1717 pascua
929 1618 1053 1689 lassos?
1282 1626 1312 1679 5⁵

244 1732 293 1799 Te
306 1729 489 1801 Trifolinus
506 1754 587 1825 ager
603 1730 758 1801 fecundis
772 1731 899 1800 vitibus
913 1728 1047 1824 implet,

244 1842 514 1935 Suspectumque
527 1841 649 1935 jugum
665 1841 801 1925 Cumis,
816 1855 851 1907 et
865 1841 1000 1909 Gaurus
1016 1837 1135 1907 inanis.

245 1952 334 2019 Nam
349 1951 423 2044 quis
438 1949 534 2043 plura
550 1949 625 2017 linit
641 1950 776 2019 victuro
788 1947 878 2018 dolia
893 1946 1027 2017 musto?

246 2059 419 2147 Quantum
435 2073 507 2127 erat
521 2059 672 2129 exhausti
689 2057 821 2127 lumbos
835 2057 963 2126 donare
976 2056 1109 2127 clientis

247 2168 427 2262 iugeribus
442 2167 576 2263 paucis?
589 2168 750 2238 meliusne
765 2168 821 2237 hic
837 2168 982 2237 rusticus
997 2165 1126 2252 infans,
1286 2179 1318 2228 so

247 2280 334 2347 Cum
343 2293 474 2365 matre,
489 2293 524 2347 et
539 2278 679 2365 casulis,
692 2292 727 2347 et
744 2278 911 2349 collusore
924 2275 1063 2363 catello,

246 2485 298 2561 qui
314 2483 465 2541 dominum
480 2482 607 2540 foderit!
622 2484 682 2549 Tu,
698 2482 823 2551 scilicet,
842 2492 870 2538 te
886 2481 1057 2552 delicatam,
1074 2493 1104 2537 te
1115 2478 1318 2553 juvenculum,

247 2585 276 2636 et
287 2576 454 2647 pulchrum,
467 2586 497 2631 et
507 2576 630 2631 alterum
645 2574 844 2649 Ganymedem
857 2574 927 2629 calo
935 2584 966 2630 et
973 2592 1077 2629 mensae
1090 2571 1214 2629 deorum
1226 2568 1321 2627 minis·

249 2665 326 2723 terio
337 2666 457 2743 dignum
469 2668 598 2742 putabas.
610 2666 690 2737 Quid
700 2686 778 2723 nnnc
789 2665 906 2737 mirum,
920 2685 983 2736 vos,
995 2663 1099 2721 divites
1108 2663 1202 2730 avari,
1215 2662 1320 2723 unllam

249 2774 334 2830 opem
345 2758 421 2813 ferre
435 2758 532 2814 clienti
542 2769 572 2815 et
578 2760 689 2817 assecla
699 2779 807 2835 egeno,
819 2778 910 2835 quum
919 2776 955 2817 ne
968 2758 1019 2814 ille
1026 2756 1145 2832 quidem
1158 2754 1211 2829 qni
1222 2764 1323 2811 vestre

248 2846 379 2907 libidinis
400 2849 506 2904 morbo
526 2849 660 2921 inservit,
685 2852 845 2927 quidquam
866 2850 1003 2909 obtinere
1020 2848 1126 2923 quoru?
1145 2849 1191 2903 lin
1210 2846 1322 2903 formo·

250 2939 344 2995 sulum
365 2939 463 3007 illum,
481 2939 528 2995 cui
544 2958 559 2993 a
576 2950 605 2997 te
620 2960 740 2997 munem
754 2943 923 3008 mittantur,
939 2939 1041 3003 viridis
1058 2938 1168 2996 scilicet
1183 2937 1321 3005 umbella,

250 3041 279 3087 et
292 3029 415 3105 grandes
430 3028 548 3087 armillae
561 3048 595 3085 ex
609 3031 727 3089 succino
741 3033 838 3103 facta,
852 3032 967 3107 quoties
979 3031 1040 3106 ejns
1053 3028 1155 3087 natalis
1169 3028 1262 3099 redit,
1274 3039 1323 3085 ant

249 3122 346 3201 primo
358 3120 434 3179 reris
447 3121 560 3177 humidi
571 3121 633 3193 die,
651 3141 741 3197 quum
754 3124 785 3181 in
798 3126 886 3201 longa
900 3125 1053 3192 cathedra,
1066 3122 1210 3197 tapetibus
1221 3132 1251 3178 et
1261 3141 1323 3179 cer-

250 3214 389 3272 vicalibus
412 3212 540 3269 molliter
561 3224 706 3271 constrata
727 3217 905 3287 collocatus,
931 3216 1115 3292 recognoscit
1135 3214 1323 3288 manibusque

251 3318 354 3367 tractat
371 3306 448 3365 dona
460 3304 517 3363 sibi
535 3317 646 3365 secreto
659 3307 745 3363 missa
759 3307 872 3366 Martiis
886 3309 1027 3379 calendis,
1043 3326 1107 3383 qun
1123 3327 1141 3363 a
1156 3306 1323 3365 mulieribus

252 3400 445 3457 celebrantur.

291 3498 339 3567 ¹⁸9·
361 3491 430 3562 Dic,
440 3489 544 3547 lascive
554 3508 659 3565 passer,
669 3490 784 3549 cuinam
792 3511 920 3551 roeervas
931 3503 976 3549 tot
984 3504 1112 3562 montes,
1125 3501 1170 3549 tot
1179 3491 1211 3549 in
1221 3494 1321 3569 Apulia

253 3602 385 3657 campos,
403 3594 432 3639 et
447 3582 599 3641 latifundia
613 3594 673 3639 tarn
684 3583 742 3639 lata
754 3582 900 3661 longeque
913 3585 1055 3659 patentia,
1071 3597 1106 3642 ut
1119 3584 1153 3642 iu
1166 3583 1224 3641 illis
1235 3596 1324 3643 tmus-

255 3674 387 3729 volandis
402 3674 456 3749 ipsi
473 3674 554 3732 milvi
568 3674 783 3752 defatigantur?
796 3687 825 3733 te
837 3695 907 3752 ager
917 3678 1078 3735 Trifolinus
1090 3676 1269 3735 feracissimis
1278 3678 1321 3733 vi-

252 3765 315 3821 neis
328 3765 503 3841 locupletem
515 3766 599 3838 facit,
610 3769 738 3843 itemque
747 3780 850 3826 vertex
860 3769 909 3827 ille
921 3770 1019 3827 Cumis
1029 3771 1156 3844 desuper
1163 3768 1320 3843 imminens,

254 3869 284 3915 et
299 3861 414 3917 Gaurus
427 3858 529 3917 inania
547 3862 620 3931 Quis
636 3863 713 3921 euim
726 3865 840 3938 plnres,
858 3884 946 3938 quam
962 3874 1011 3933 tu,
1025 3863 1089 3920 vini
1105 3865 1226 3938 tongum
1243 3864 1321 3921 dun·

252 3949 313 4018 turi
327 3949 414 4007 cados
425 3952 559 4007 recondit
572 3964 601 4009 et
614 3955 677 4029 pice
689 3956 826 4018 obturat?
842 3956 952 4027 Quanti
964 3967 1061 4014 autem
1075 3953 1130 4011 tibi
1141 3954 1319 4026 constitisset,

251 4045 457 4103 siexhanstum
467 4044 600 4103 obscaeno
611 4048 712 4105 labore
726 4049 861 4109 clientem
871 4052 969 4125 paucis
984 4049 1048 4126 agri
1060 4048 1214 4125 jugeribus
1224 4051 1321 4107 donas·

250 4138 312 4203 sea?
322 4138 400 4195 uun
410 4133 603 4211 putasjustius
615 4148 643 4197 te
653 4138 810 4214 facturum,
819 4143 902 4217 qnod
914 4154 944 4201 et
952 4144 1031 4201 hunc
1039 4141 1180 4201 rusticum
1190 4141 1319 4203 infantem

873 4374 883 4427 l
