2784 4917
225 256 292 333 Μ
336 255 377 321 D.
392 255 419 320 J.
433 256 511 322 Juv
512 254 571 323 EN
573 254 668 323 ants
680 254 839 322 sauma
850 254 1020 320 DECIMA
1031 254 1165 321 sextu.

224 370 446 454 Sternuntur;
460 372 529 465 jam
547 369 694 439 facundo
708 383 858 465 ponente
871 367 1024 440 lacernas
1237 380 1264 444 ti
1368 237 1370 382 Ι

224 479 392 563 Caedicio,
409 494 443 549 et
457 484 564 549 Fusco
575 480 644 573 jam
661 480 891 565 micturiente,
907 481 1031 573 parati·

223 588 452 681 Digredimur,
467 588 623 683 lentaque
637 586 704 656 fori
716 610 910 683 pugnamus
918 614 1031 657 arena.

225 699 285 767 Ast
300 696 377 779 illis,
395 724 479 794 quos
493 722 586 767 arma
602 712 722 791 tegunt
734 712 769 765 et
782 696 910 767 balteus
921 698 1043 784 ambit,

224 807 327 896 Quod
344 808 501 903 placitum
520 823 570 877 est
587 806 682 900 ipsis,
701 822 880 902 praestatur
895 822 1028 901 tempus
1039 806 1163 901 agendi,

224 916 297 985 Nec
313 942 365 985 res
380 918 535 987 atteritur
550 916 653 1010 longo
667 917 858 986 sufflamine
871 916 948 987 litis.
1242 924 1276 975 5ο

273 1023 357 1093 Solis
371 1040 529 1119 praterea
546 1025 689 1095 testandi
709 1026 873 1095 militibus
886 1029 944 1121 jus

226 1134 314 1201 Vivo
329 1148 424 1228 patre
438 1133 561 1203 datur:
581 1158 674 1220 nam,
694 1160 769 1229 quae
786 1150 864 1204 suut
878 1150 974 1229 parta
987 1132 1097 1203 labore

226 1241 372 1328 Militia,
393 1242 517 1338 placuit
535 1269 605 1312 non
623 1269 692 1314 esse
711 1246 748 1315 iu
767 1269 909 1340 corpore
921 1270 1058 1331 census,

129 1406 131 1413 Α
226 1352 338 1421 Omne
355 1368 447 1423 tenet
464 1354 560 1447 cujus
576 1354 724 1447 regimen
740 1368 836 1449 pater
849 1380 857 1422 ε
871 1380 952 1449 ergo
967 1357 1153 1438 Coranum,

227 1462 409 1557 Signorum
425 1464 580 1533 comitem
595 1479 848 1559 castrorumque
862 1490 931 1535 ara
942 1477 1144 1549 merentem,
1249 1476 1284 1529 53

226 1574 390 1663 Quamvis
400 1576 471 1669 jam
484 1574 662 1661 tremulus,
682 1590 793 1670 captat
809 1590 913 1670 pater.
928 1576 1031 1643 Hunc
1044 1570 1136 1642 labor
1148 1596 1253 1665 aquus
1368 1575 1370 1588 '

228 1686 406 1772 Provehit,
425 1701 458 1755 et
474 1684 618 1780 pulchro
633 1684 741 1755 reddit
754 1709 813 1753 sua
826 1684 916 1754 dona
930 1682 1049 1754 labori.
1086 1722 1089 1727 ·

228 1796 340 1889 Ipsius
354 1809 444 1866 certe
457 1794 554 1865 ducis
566 1795 634 1865 hoc
647 1794 775 1864 referre
790 1792 936 1878 videtur,

229 1905 293 1989 Ut,
314 1905 373 1997 qui
391 1902 487 1973 sortis
503 1905 585 1990 erit,
604 1906 647 1972 sit
661 1902 871 1973 felicissimus
884 1900 993 1987 idem3

229 2013 278 2080 Ut
291 2011 357 2081 laeti
370 2011 514 2106 phaleris
527 2038 661 2101 omnes,
676 2028 711 2083 et
725 2011 901 2110 torquibus
915 2034 1031 2080 omnes
1255 2022 1296 2070 ⁶0

232 2318 326 2392 Modo
346 2317 488 2375 subselliis
505 2317 699 2394 imponuntur
718 2322 858 2378 duntaxat
875 2328 984 2396 tapetes
1002 2335 1012 2373 s
1030 2316 1123 2373 modo
1142 2312 1302 2385 Caedicius,
1368 2331 1369 2366 t

232 2410 371 2485 eloquens
386 2408 435 2467 ille
449 2420 606 2485 mucuns,
620 2414 735 2469 lacerna
745 2412 891 2489 deposita,
904 2428 935 2467 se
945 2410 987 2467 sd
997 2406 1194 2484 perorandum
1203 2405 1302 2462 accin-

230 2501 287 2577 git3
304 2500 393 2558 modo
407 2504 514 2559 Fuscus
525 2502 748 2560 admittendum
760 2504 864 2559 lotium
875 2500 1016 2558 discedit:
1028 2498 1180 2556 aderamus
1192 2496 1308 2571 parati,
1368 2519 1369 2564 l

231 2594 396 2649 abeundum
409 2615 416 2649 :
429 2592 469 2649 sic
484 2594 515 2649 in
530 2612 560 2649 ea
575 2612 659 2650 arena
673 2595 751 2651 lente
762 2595 798 2650 lis
810 2593 944 2650 inchoata
957 2592 1145 2667 disceptatur.
1159 2590 1218 2647 tttis
1227 2608 1301 2646 vero

232 2686 285 2761 qni
305 2685 401 2741 balteo
423 2698 453 2743 et
468 2686 555 2743 armis
577 2688 704 2765 insignes
724 2696 806 2757 sunt,
824 2684 1009 2743 commodum
1029 2685 1238 2760 quodcumque
1255 2682 1303 2740 ‹ti-
1368 2673 1369 2676 ¹

232 2775 330 2832 cende
343 2794 445 2857 caussae
461 2786 588 2851 tempus,
602 2788 635 2832 ut
652 2779 773 2847 volunt,
787 2778 966 2848 conceditur,
977 2795 1030 2835 nec
1041 2795 1106 2833 suas
1117 2795 1187 2853 opes
1197 2775 1301 2850 dilapi-

233 2868 305 2923 dant
316 2866 453 2923 damnosa
469 2866 563 2922 litium
579 2867 770 2926 diuturnitate
785 2888 819 2925 ac
831 2888 923 2927 mora.

272 2959 320 3017 δι.
341 2962 405 3017 Huc
415 2960 507 3030 adde,
519 2960 601 3036 quod
609 2961 677 3018 solis
686 2962 826 3020 militibus
837 2964 932 3031 datur,
943 2975 976 3021 ut
986 2964 1104 3020 amente
1115 2961 1210 3018 adhue
1219 2971 1303 3037 patre

233 3053 360 3112 condere
373 3064 576 3110 testamentum
590 3054 717 3129 possint;
730 3055 771 3113 sic
784 3055 860 3113 enim
873 3056 985 3134 legibus
995 3065 1112 3111 cautum
1124 3064 1176 3126 est,
1185 3055 1302 3110 uthoua
1368 3071 1369 3128 j

174 3222 178 3230 ³
234 3167 297 3223 quae
315 3146 426 3203 bellicis
445 3146 594 3203 laboribus
608 3157 676 3203 sunt
689 3147 827 3223 acquisita
838 3166 899 3205 non
912 3158 1081 3205 censeantur
1095 3164 1156 3203 esse
1169 3164 1206 3202 ex
1221 3155 1302 3221 parte

232 3238 418 3317 patrimonii,
443 3256 536 3313 neque
562 3239 593 3294 in
615 3238 651 3295 iis
673 3239 759 3296 bonis
779 3250 970 3297 numerentur
992 3256 1120 3313 quorum
1141 3236 1301 3294 dominium

232 3350 321 3407 penes
334 3329 432 3387 militis
445 3340 557 3405 patrem
574 3340 625 3386 est.
639 3332 741 3407 Itaque
755 3343 840 3407 pater
852 3332 958 3389 Cosani
971 3329 1113 3403 stipendia
1131 3329 1261 3386 fauentis
1273 3336 1302 3382 et

231 3421 401 3497 intersigna
415 3420 625 3496 degentis'illi,
643 3422 774 3495 quamvis
790 3421 851 3496 jam
868 3423 982 3490 senior,
998 3419 1165 3489 blanditur,
1185 3419 1300 3495 ejusque

232 3524 328 3587 captat
340 3512 535 3570 hereditatem.
559 3514 688 3569 Coranus
702 3513 818 3569 interim
831 3512 958 3570 honestis
975 3510 1087 3569 militi»
1103 3510 1253 3567 hboribus
1265 3506 1301 3561 ad
1368 3501 1369 3560 l

232 3604 361 3662 honores
380 3618 587 3682 promovetur,
605 3615 635 3663 et
654 3606 859 3680 amplissimum
873 3624 969 3681 opere
984 3601 1111 3680 pretium
1125 3604 1190 3659 lert.
1210 3599 1299 3675 Ipsius

232 3694 341 3752 scihcet
351 3696 533 3769 imperatoris
547 3696 645 3765 refert,
661 3706 693 3752 nt
707 3695 758 3770 qui
767 3696 877 3752 virtute
889 3714 922 3751 so
933 3692 1106 3752 fortitudine
1118 3690 1219 3750 ceteris
1227 3706 1299 3764 pre-

233 3796 301 3857 stat,
322 3786 399 3842 idern
413 3788 450 3844 sit
458 3787 636 3845 felicissimus
650 3799 678 3845 et
690 3788 892 3862 pulcherrimis
904 3786 1029 3864 praemiis
1042 3788 1254 3852 cohonestetur,
1271 3788 1297 3834 et

234 3896 333 3936 omnes
342 3878 451 3935 strenui
460 3879 564 3946 milites
576 3880 737 3956 torquibus,
743 3884 876 3959 phaleris,
888 3902 921 3940 ac
928 3881 1030 3941 ceteris
1039 3880 1215 3940 ornamentis
1224 3872 1296 3935 mill·

234 3970 280 4028 tiss
289 3970 463 4030 decorentur
464 4010 562 4029 .......
