2784 4917
285 381 346 446 160
441 379 614 446 vntttAE
636 379 937 446 LECTIONES
961 382 1027 447 ET
1049 383 1214 452 NOTAE

316 493 386 546 Not·-
409 510 449 564 17.
468 495 530 548 Nou
547 491 689 553 dubitant.
704 505 801 546 mutuo
811 493 948 564 accipere,
966 513 1027 566 quar
1039 496 1160 568 perdant
1172 501 1275 572 ungis,¹
1286 464 1366 572 qntu¹

279 589 406 648 erogem
432 577 525 631 Solrol.
547 575 687 642 Quamdiu
705 575 883 648 supellectilis
907 577 1014 648 aliquid
1029 595 1169 650 superest,
1190 584 1270 636 laoile
1284 586 1356 636 iisest

281 678 377 732 parare
389 659 440 714 sibi
453 661 598 734 pecuniam
606 661 759 726 perituram,
773 677 834 732 quas
843 678 906 712 mox
916 661 988 732 gule
999 663 1067 716 luxu
1076 664 1210 733 luterem
1220 669 1286 722 aus

313 820 381 870 Vna.
403 819 442 870 rs.
461 817 583 868 Loncibru
592 817 695 883 optaris,
706 833 730 878 7.
740 843 775 854 -
784 807 870 881 Ut'pro
880 816 938 876 uel,
951 833 993 868 ra.
1003 846 1039 856 -
1048 821 1148 880 Marsis,
1158 832 1206 880 η,
1217 825 1353 888 ..largire

275 901 345 968 picra
363 903 440 964 sorte,
458 918 480 950 r.
501 903 579 950 Vetus
600 900 719 948 Scholion
738 912 788 950 est:
800 902 843 950 -si
856 902 884 952 iu
902 917 965 951 snm
983 903 1051 967 pieta
1063 917 1114 966 est,
1134 919 1180 955 aut
1195 909 1225 956 iu
1241 920 1353 974 argento.-

281 985 464 1052 Irnagr'neoara
479 984 585 1034 malebat
598 984 730 1037 Schrader.

317 1077 387 1130 Nor.
410 1077 450 1130 18.
470 1075 551 1130 Corsi.
563 1077 583 1126 l'
590 1077 636 1140 11,
651 1077 694 1146 73.
705 1105 743 1118 -
754 1078 878 1144 oppositis
888 1076 1010 1148 pignori,
1021 1078 1189 1151 hypotheca
1199 1082 1274 1145 looo,
1285 1081 1316 1134 ad
1324 1101 1353 1133 se

281 1159 422 1214 curitatern
434 1157 593 1219 creditoris,
604 1172 636 1212 ut
647 1158 722 1232 opud
740 1159 829 1212 Plaut.
841 1158 923 1212 Coro.
937 1160 983 1212 11.
995 1160 1022 1221 3,
1039 1179 1090 1231 773
1110 1163 1208 1216 Senec.
1219 1165 1282 1217 Besa
1298 1166 1352 1226 ΥΠ,

283 1250 330 1307 14,
346 1255 373 1297 et
389 1243 490 1297 Cutull.
510 1243 606 1296 XXVI
616 1280 623 1303 ‚
634 1263 666 1310 s,
679 1243 729 1296 ubi
743 1239 799 1305 sid,
813 1242 899 1314 Vulp.
912 1255 939 1295 et
951 1245 1034 1296 Doer.
1047 1275 1083 1284 -
1094 1250 1220 1298 lancibus
1233 1248 1351 1319 pretiosis,

280 1328 428 1401 argenteis,
443 1328 548 1390 aureis,
566 1339 618 1381 eto.
630 1357 663 1370 -·
677 1330 767 1379 Matris
781 1328 892 1396 imagine
894 1328 997 1391 fiunto,
1010 1345 1067 1379 non
1080 1347 1163 1394 essu,
1175 1345 1260 1402 puro,
1273 1333 1310 1384 rel
1322 1349 1353 1383 se·

280 1426 393 1480 tumne,
411 1413 454 1468 vel
474 1425 506 1466 ut
524 1425 629 1486 partem
647 1423 743 1464 statuae
756 1408 874 1477 vendat,
887 1409 937 1464 sed
950 1410 1038 1464 lrecta
1053 1430 1086 1466 ex
1100 1413 1256 1480 industria,
1272 1429 1353 1467 utnon

280 1497 408 1571 cognosci
418 1497 521 1570 possit,
534 1508 562 1550 et
574 1496 630 1549 sine
642 1495 748 1568 pudore
757 1493 847 1548 vendi.

316 1595 385 1648 Nor.
409 1611 450 1661 ¹9·
472 1595 773 1661 Quadringentis-narnis,
787 1609 888 1663 magno
900 1594 1004 1664 pretim
1018 1613 1074 1647 uon
1088 1613 1153 1648 vero
1169 1596 1276 1670 integro
1287 1615 1352 1650 censu

279 1678 411 1750 equestri,
423 1697 478 1749 quo
488 1695 567 1730 sensu
577 1679 773 1746 quadringenta.
785 1695 823 1728 so.
835 1679 967 1740 sestertia,
979 1677 1151 1745 direpturi,
1168 1687 1236 1748 1063
1250 1685 1289 1745 ll,
1303 1699 1352 1750 117:

280 1763 316 1826 V,
332 1762 397 1826 1323
413 1781 476 1815 narn
488 1765 556 1812 numi
570 1773 634 1815 sunt
644 1760 774 1823 sestertii,
788 1777 845 1836 non
858 1762 995 1829 sestertia,
1008 1776 1036 1816 et
1048 1762 1082 1815 de
1095 1763 1208 1817 homine
1219 1785 1304 1819 sermo
1311 1777 1351 1824 est,

279 1847 326 1919 qui
340 1845 469 1912 devorata
483 1863 512 1898 re
528 1844 655 1898 familiari
667 1843 863 1915 supellectilem
875 1845 1054 1916 oppignerat,
1070 1845 1143 1899 unde
1153 1867 1209 1901 non
1223 1847 1352 1902 facileeli·

279 1932 332 1984 ciet
344 1949 454 1984 censum
465 1941 627 2001 equestrem.
638 1957 673 1968 -
686 1929 807 1990 Condito,
818 1926 888 1979 cibis
899 1928 969 1981 bene
980 1927 1116 1993 conditis,
1126 1932 1171 1984 vel
1186 1930 1304 1986 delicatis
1312 1933 1351 1983 im·

279 2015 362 2089 plere.
372 2045 409 2058 -
423 2017 508 2066 Fictile
521 2033 585 2078 vas,
597 2022 628 2064 ut
643 2025 705 2062 testo
720 2009 788 2073 alta,
803 2012 855 2075 lv,
879 2013 924 2066 131
946 2014 1006 2083 (ubi
1022 2014 1078 2068 vid.
1092 2018 1172 2086 not).
1186 2020 1285 2079 Fictile,
1302 2017 1352 2088 quir

280 2101 371 2154 lancee
389 2111 529 2173 argenteae
546 2108 727 2170 opposuerat,
750 2109 798 2149 ant
819 2097 884 2168 quia
900 2099 1021 2152 maxima
1038 2099 1131 2171 aliqua
1147 2101 1242 2172 patine
1257 2103 1281 2155 ei
1297 2119 1350 2172 opus

280 2198 350 2246 eret,
373 2184 475 2257 Graug.
488 2193 496 2219 ¹
521 2213 557 2223 -
580 2185 700 2233 Gulosum
722 2198 787 2246 rus,
809 2181 890 2253 quale
911 2193 952 2235 est
970 2182 1113 2236 hominnm
1133 2185 1304 2254 gulosorum,
1318 2186 1350 2236 rel

281 2285 377 2342 oapnr.

315 2417 385 2468 Van.
404 2429 447 2464 ao.
466 2411 493 2462 Si
505 2411 626 2474 ueniunt,
636 2413 705 2474 ooaj.
715 2411 847 2462 Schrader.

316 2510 386 2563 Noa.
407 2527 449 2562 ao.
468 2507 584 2574 Sie,hoo
597 2507 677 2570 luxu,
687 2509 840 2556 veninnrod
847 2508 1023 2574 miscellaneo,
1036 2510 1128 2564 eibum
1140 2510 1246 2566 erariis
1257 2512 1347 2565 ferculis

280 2595 407 2660 mixtum,
422 2595 464 2650 rel
476 2591 643 2646 immundam
657 2591 780 2664 saginam
789 2595 832 2662 (ut
846 2594 1170 2667 otsrverbisProp.1V‚
1184 2596 1216 2660 8,
1230 2594 1346 2663 25)‚1sn'‚

281 2679 364 2743 ludii,
384 2679 544 2753 gladiatoris
563 2675 631 2748 (vid.
647 2675 683 2729 sd
701 2677 758 2739 vl,
772 2676 842 2745 8²),
856 2677 912 2730 hoc
928 2691 984 2744 est,
1006 2678 1172 2750 gladiatores
1190 2678 1258 2733 liunt
1277 2679 1345 2747 (conl.

213 2820 216 2829 ,
281 2783 320 2818 vr.
333 2765 363 2832 8)
374 2803 381 2829 ‚
399 2776 429 2817 ut
440 2763 584 2833 largiorem
595 2761 796 2824 contorium,
809 2760 854 2813 cui
866 2777 1057 2827 assueverant,
1068 2768 1219 2818 retineant:
1233 2783 1292 2816 nrm
1302 2763 1346 2834 glr-

282 2839 401 2902 diatores
411 2859 437 2900 et
450 2847 558 2900 athlete
571 2846 659 2918 epulis
670 2843 835 2916 largiorihur
845 2845 883 2897 ali
896 2845 1035 2911 solebant,
1052 2859 1083 2898 ut
1097 2847 1168 2900 vires
1182 2867 1272 2902 eornm
1282 2864 1346 2916 auge·

282 2943 375 2986 rentur
384 2931 504 3000 (coliphia
512 2965 520 2989 ‚
534 2930 577 2992 11,
593 2930 625 2984 53
635 2931 660 2996 )‚
672 2926 745 2981 unde
759 2931 938 2996 &aaronem
947 2934 1062 2998 saginam
1074 2929 1144 2984 disis
1157 2933 1225 2986 Tac.
1238 2933 1301 2986 ltin.
1314 2931 1346 2982 ll.

181 3018 185 3033 ‘
282 3017 329 3079 88,
341 3027 367 3070 et
382 3015 463 3086 Prop.
477 3013 529 3066 loo.
544 3011 620 3066 laud.
634 3011 702 3080 (ubi
712 3010 769 3066 vid.
783 3013 960 3084 tenetisne),
978 3018 1050 3068 oros·
1063 3033 1182 3084 carpenta
1195 3021 1295 3086 nepotis,
1307 3016 1347 3081 Qui

282 3103 352 3154 datu
369 3101 501 3152 immunde
512 3100 618 3150 uenalia
628 3101 692 3168 fieta
707 3103 816 3166 saginoe,
837 3098 892 3152 hoo
905 3112 962 3163 est,
977 3100 1025 3172 qui
1040 3102 1205 3172 patrimonio
1216 3099 1346 3172 dilapidato

280 3187 364 3242 eitum
387 3183 558 3254 unimemque
570 3199 647 3234 ruam
660 3181 765 3234 lanista
774 3181 883 3237 vendet.
896 3214 933 3224 —
942 3188 1106 3237 miscellanea
1116 3205 1201 3258 genus
1214 3184 1346 3240 miserrbile

282 3269 391 3334 ferculi,
401 3269 479 3324 eibus
492 3265 690 3340 gladiatorum,
701 3267 747 3337 qrti
759 3268 865 3325 omnia.
876 3288 937 3340 qua
946 3283 1124 3341 apponuntur
1133 3272 1201 3337 sibi,
1212 3275 1314 3328 orirerur,
1326 3279 1346 3318 et

282 3357 321 3412 tic
334 3351 517 3416 manducant,
529 3349 622 3404 schot.
631 3348 683 3400 nlii
694 3353 853 3403 miscellanea
863 3357 916 3404 Indi
923 3367 1022 3426 putant
1030 3358 1164 3407 esselndos
1173 3357 1294 3416 miscellae,
1303 3353 1345 3404 hoc

282 3453 336 3503 est,
355 3437 467 3494 everiie
486 3433 630 3508 generibus
649 3433 747 3486 missos
763 3435 840 3502 (vid.
858 3437 946 3510 intpp.
960 3439 1034 3491 Suet.
1053 3439 1112 3492 Cal.
1128 3459 1152 3492 e„
1165 3460 1213 3505 so,
1228 3452 1255 3492 nt
1268 3452 1345 3491 sensns

283 3525 333 3580 sit:
347 3523 416 3580 liunt
427 3523 575 3578 histriones
584 3539 632 3572 teu
644 3517 722 3571 ludii.
736 3519 871 3591 Rigaltins
883 3525 995 3595 exponit
1006 3541 1013 3575 ε
1024 3524 1069 3576 sic
1083 3525 1128 3576 isti
1142 3526 1208 3578 luxu
1218 3523 1344 3577 oouturlsa·

282 3623 340 3662 tore
353 3619 482 3682 pereunt,
498 3617 529 3660 ut
542 3604 569 3656 in
581 3602 701 3656 miscella
715 3607 948 3658 consummatione
959 3605 1134 3678 gladiatores.
1144 3608 1283 3678 Grangens
1293 3623 1299 3656 :
1309 3604 1345 3656 Sit

281 3693 407 3746 lurcones
418 3691 457 3744 illi
469 3693 545 3752 ludii,
558 3707 603 3742 seu
618 3685 783 3760 gladiatores
793 3689 878 3744 futuri
892 3693 997 3743 veniant
1005 3696 1044 3743 od
1050 3695 1222 3758 nouellaret,
1231 3687 1344 3743 condiunt

282 3775 389 3850 patinas
401 3775 475 3829 omni
486 3775 610 3828 ciborum
623 3791 721 3845 genere
734 3773 847 3826 refertas
859 3787 885 3826 et
899 3774 1124 3839 interminante
1136 3794 1190 3849 quo
1200 3774 1250 3826 rid.
1263 3773 1341 3824 Seuer.

284 3859 371 3934 Epist.
384 3858 469 3922 XCV;
477 3859 631 3920 Turnebus,
641 3855 709 3910 adr.
718 3857 815 3923 xxu,
828 3860 871 3922 23,
880 3859 959 3916 innui
971 3859 1100 3914 credebat
1108 3875 1136 3916 et
1145 3859 1223 3914 ludos
1231 3859 1340 3913 miscello

710 4017 937 4038 ΜΜὶἏᾺὶ

249 4127 266 4152 ”
321 4160 328 4188 ¹
349 4151 420 4204 csse
432 4150 532 4200 sum-s
545 4151 633 4200 asem.
649 4151 714 4198 eus.
727 4166 786 4217 με.
803 4153 864 4201 rso.
