<?xml version="1.0" encoding="UTF-8"?>
<!DOCTYPE html PUBLIC "-//W3C//DTD XHTML 1.0 Transitional//EN"
    "http://www.w3.org/TR/xhtml1/DTD/xhtml1-transitional.dtd">
<html xmlns="http://www.w3.org/1999/xhtml" xml:lang="en" lang="en">
 <head>
  <title>
</title>
<meta http-equiv="Content-Type" content="text/html;charset=utf-8" />
  <meta name='ocr-system' content='tesseract 3.04.00' />
  <meta name='ocr-capabilities' content='ocr_page ocr_carea ocr_par ocr_line ocrx_word'/>
</head>
<body>
  <div class='ocr_page' id='page_1' title='image "bibliothecaclas115lemagoog_0243.png"; bbox 0 0 2784 4917; ppageno 0'>
   <div class='ocr_carea' id='block_1_1' title="bbox 257 433 1097 522">
    <p class='ocr_par' dir='ltr' id='par_1_1' title="bbox 257 433 1097 522">
     <span class='ocr_line' id='line_1_1' title="bbox 257 433 1097 522; baseline 0.002 -23"><span class='ocrx_word' id='word_1_1' title='bbox 257 433 437 500; x_wconf 83' lang='lat' dir='ltr'>SATlRA</span> <span class='ocrx_word' id='word_1_2' title='bbox 459 433 655 499; x_wconf 82' lang='lat' dir='ltr'>DECIMA</span> <span class='ocrx_word' id='word_1_3' title='bbox 677 435 875 501; x_wconf 78' lang='lat' dir='ltr'><strong>TERTIA.</strong></span> <span class='ocrx_word' id='word_1_4' title='bbox 1034 438 1097 522; x_wconf 66' lang='lat'>249</span> 
     </span>
    </p>
   </div>
   <div class='ocr_carea' id='block_1_2' title="bbox 44 550 1109 2297">
    <p class='ocr_par' dir='ltr' id='par_1_2' title="bbox 44 550 1109 2297">
     <span class='ocr_line' id='line_1_2' title="bbox 44 550 825 639; baseline -0.001 -18"><span class='ocrx_word' id='word_1_5' title='bbox 44 553 239 639; x_wconf 81' lang='lat' dir='ltr'><strong>Contentus,</strong></span> <span class='ocrx_word' id='word_1_6' title='bbox 256 577 378 621; x_wconf 81' lang='lat' dir='ltr'>vexare</span> <span class='ocrx_word' id='word_1_7' title='bbox 392 550 509 622; x_wconf 86' lang='lat' dir='ltr'>oculos</span> <span class='ocrx_word' id='word_1_8' title='bbox 525 555 668 622; x_wconf 87' lang='lat' dir='ltr'>humore</span> <span class='ocrx_word' id='word_1_9' title='bbox 684 567 801 622; x_wconf 88' lang='lat' dir='ltr'>coacto</span> <span class='ocrx_word' id='word_1_10' title='bbox 817 577 825 620; x_wconf 89' lang='lat'><strong>:</strong></span> 
     </span>
     <span class='ocr_line' id='line_1_3' title="bbox 47 664 768 761; baseline 0.004 -30"><span class='ocrx_word' id='word_1_11' title='bbox 47 664 194 736; x_wconf 87' lang='lat' dir='ltr'>Ploratur</span> <span class='ocrx_word' id='word_1_12' title='bbox 209 667 366 761; x_wconf 80' lang='lat' dir='ltr'><strong>lacrymis</strong></span> <span class='ocrx_word' id='word_1_13' title='bbox 381 665 499 734; x_wconf 88' lang='lat' dir='ltr'>amissa</span> <span class='ocrx_word' id='word_1_14' title='bbox 512 665 657 760; x_wconf 77' lang='lat' dir='ltr'>pecunia</span> <span class='ocrx_word' id='word_1_15' title='bbox 670 667 768 734; x_wconf 88' lang='lat' dir='ltr'>veris.</span> 
     </span>
     <span class='ocr_line' id='line_1_4' title="bbox 83 771 1105 870; baseline 0 -25"><span class='ocrx_word' id='word_1_16' title='bbox 83 777 145 845; x_wconf 85' lang='lat' dir='ltr'>Sed</span> <span class='ocrx_word' id='word_1_17' title='bbox 159 778 187 846; x_wconf 89' lang='lat' dir='ltr'>si</span> <span class='ocrx_word' id='word_1_18' title='bbox 203 791 325 846; x_wconf 83' lang='lat' dir='ltr'>cuncta</span> <span class='ocrx_word' id='word_1_19' title='bbox 335 775 429 844; x_wconf 86' lang='lat' dir='ltr'>vides</span> <span class='ocrx_word' id='word_1_20' title='bbox 441 773 541 844; x_wconf 82' lang='lat' dir='ltr'>simili</span> <span class='ocrx_word' id='word_1_21' title='bbox 556 773 630 842; x_wconf 82' lang='lat' dir='ltr'>fora</span> <span class='ocrx_word' id='word_1_22' title='bbox 643 771 741 870; x_wconf 86' lang='lat' dir='ltr'>plena</span> <span class='ocrx_word' id='word_1_23' title='bbox 755 773 909 869; x_wconf 86' lang='lat' dir='ltr'>querela,</span> <span class='ocrx_word' id='word_1_24' title='bbox 1058 792 1105 846; x_wconf 78' lang='lat'>13⁵</span> 
     </span>
     <span class='ocr_line' id='line_1_5' title="bbox 47 883 727 978; baseline 0 -24"><span class='ocrx_word' id='word_1_25' title='bbox 47 885 90 970; x_wconf 89' lang='lat' dir='ltr'>Si,</span> <span class='ocrx_word' id='word_1_26' title='bbox 102 884 213 954; x_wconf 89' lang='lat' dir='ltr'>decies</span> <span class='ocrx_word' id='word_1_27' title='bbox 225 885 319 955; x_wconf 86' lang='lat' dir='ltr'>lectis</span> <span class='ocrx_word' id='word_1_28' title='bbox 331 885 462 953; x_wconf 87' lang='lat' dir='ltr'>diversa</span> <span class='ocrx_word' id='word_1_29' title='bbox 475 900 569 978; x_wconf 87' lang='lat' dir='ltr'>parte</span> <span class='ocrx_word' id='word_1_30' title='bbox 582 883 727 972; x_wconf 87' lang='lat' dir='ltr'>tabellis,</span> 
     </span>
     <span class='ocr_line' id='line_1_6' title="bbox 47 990 830 1089; baseline 0.005 -31"><span class='ocrx_word' id='word_1_31' title='bbox 47 993 132 1062; x_wconf 85' lang='lat' dir='ltr'>Vana</span> <span class='ocrx_word' id='word_1_32' title='bbox 143 995 344 1088; x_wconf 79' lang='lat' dir='ltr'>supervacui</span> <span class='ocrx_word' id='word_1_33' title='bbox 360 990 480 1063; x_wconf 91' lang='lat' dir='ltr'>dicunt</span> <span class='ocrx_word' id='word_1_34' title='bbox 492 994 716 1088; x_wconf 83' lang='lat' dir='ltr'>chirographa</span> <span class='ocrx_word' id='word_1_35' title='bbox 729 991 830 1089; x_wconf 83' lang='lat' dir='ltr'>ligni,</span> 
     </span>
     <span class='ocr_line' id='line_1_7' title="bbox 48 1105 905 1200; baseline 0.002 -28"><span class='ocrx_word' id='word_1_36' title='bbox 48 1105 158 1199; x_wconf 80' lang='lat' dir='ltr'>Arguit</span> <span class='ocrx_word' id='word_1_37' title='bbox 170 1107 319 1200; x_wconf 86' lang='lat' dir='ltr'>ipsorum</span> <span class='ocrx_word' id='word_1_38' title='bbox 334 1131 418 1200; x_wconf 89' lang='lat' dir='ltr'>quos</span> <span class='ocrx_word' id='word_1_39' title='bbox 430 1105 527 1174; x_wconf 85' lang='lat' dir='ltr'>litera</span> <span class='ocrx_word' id='word_1_40' title='bbox 539 1129 738 1200; x_wconf 83' lang='lat' dir='ltr'>gemmaque</span> <span class='ocrx_word' id='word_1_41' title='bbox 749 1105 905 1198; x_wconf 87' lang='lat' dir='ltr'>princeps</span> 
     </span>
     <span class='ocr_line' id='line_1_8' title="bbox 50 1214 885 1312; baseline -0.001 -29"><span class='ocrx_word' id='word_1_42' title='bbox 50 1215 290 1312; x_wconf 79' lang='lat' dir='ltr'>sardonychus,</span> <span class='ocrx_word' id='word_1_43' title='bbox 307 1216 424 1286; x_wconf 86' lang='lat' dir='ltr'>loculis</span> <span class='ocrx_word' id='word_1_44' title='bbox 436 1241 512 1311; x_wconf 84' lang='lat' dir='ltr'>quae</span> <span class='ocrx_word' id='word_1_45' title='bbox 525 1215 713 1285; x_wconf 86' lang='lat' dir='ltr'>custoditur</span> <span class='ocrx_word' id='word_1_46' title='bbox 727 1214 885 1284; x_wconf 89' lang='lat' dir='ltr'>eburnis:</span> 
     </span>
     <span class='ocr_line' id='line_1_9' title="bbox 52 1324 1109 1412; baseline 0.003 -21"><span class='ocrx_word' id='word_1_47' title='bbox 52 1325 133 1412; x_wconf 87' lang='lat' dir='ltr'>Ten&#39;‚</span> <span class='ocrx_word' id='word_1_48' title='bbox 150 1352 172 1395; x_wconf 92' lang='lat' dir='ltr'>o</span> <span class='ocrx_word' id='word_1_49' title='bbox 185 1324 333 1396; x_wconf 82' lang='lat' dir='ltr'>delicias!</span> <span class='ocrx_word' id='word_1_50' title='bbox 349 1341 442 1398; x_wconf 85' lang='lat' dir='ltr'>extra</span> <span class='ocrx_word' id='word_1_51' title='bbox 459 1326 651 1395; x_wconf 86' lang='lat' dir='ltr'>communia</span> <span class='ocrx_word' id='word_1_52' title='bbox 667 1349 780 1394; x_wconf 83' lang='lat' dir='ltr'>censes</span> <span class='ocrx_word' id='word_1_53' title='bbox 1060 1345 1109 1404; x_wconf 70' lang='lat'>140</span> 
     </span>
     <span class='ocr_line' id='line_1_10' title="bbox 53 1434 743 1531; baseline 0.007 -31"><span class='ocrx_word' id='word_1_54' title='bbox 53 1435 260 1505; x_wconf 82' lang='lat' dir='ltr'>Ponendum?</span> <span class='ocrx_word' id='word_1_55' title='bbox 272 1437 332 1531; x_wconf 86' lang='lat' dir='ltr'>qui</span> <span class='ocrx_word' id='word_1_56' title='bbox 344 1450 382 1505; x_wconf 92' lang='lat' dir='ltr'>tu</span> <span class='ocrx_word' id='word_1_57' title='bbox 396 1434 525 1531; x_wconf 68' lang='lat' dir='ltr'>gallinae</span> <span class='ocrx_word' id='word_1_58' title='bbox 539 1434 627 1504; x_wconf 87' lang='lat' dir='ltr'>filius</span> <span class='ocrx_word' id='word_1_59' title='bbox 642 1434 743 1521; x_wconf 80' lang='lat' dir='ltr'>albae,</span> 
     </span>
     <span class='ocr_line' id='line_1_11' title="bbox 54 1543 697 1640; baseline 0 -28"><span class='ocrx_word' id='word_1_60' title='bbox 54 1545 115 1613; x_wconf 79' lang='lat' dir='ltr'>llos</span> <span class='ocrx_word' id='word_1_61' title='bbox 126 1545 204 1614; x_wconf 78' lang='lat' dir='ltr'>viles</span> <span class='ocrx_word' id='word_1_62' title='bbox 217 1545 301 1640; x_wconf 92' lang='lat' dir='ltr'>pulli</span> <span class='ocrx_word' id='word_1_63' title='bbox 314 1547 383 1614; x_wconf 88' lang='lat' dir='ltr'>nati</span> <span class='ocrx_word' id='word_1_64' title='bbox 398 1545 587 1615; x_wconf 89' lang='lat' dir='ltr'>infelicibus</span> <span class='ocrx_word' id='word_1_65' title='bbox 600 1543 697 1613; x_wconf 75' lang='lat' dir='ltr'>ovis?</span> 
     </span>
     <span class='ocr_line' id='line_1_12' title="bbox 93 1651 1000 1750; baseline 0.001 -27"><span class='ocrx_word' id='word_1_66' title='bbox 93 1659 171 1724; x_wconf 82' lang='lat' dir='ltr'>Rem</span> <span class='ocrx_word' id='word_1_67' title='bbox 187 1657 309 1750; x_wconf 84' lang='lat' dir='ltr'>pateris</span> <span class='ocrx_word' id='word_1_68' title='bbox 325 1656 493 1727; x_wconf 82' lang='lat' dir='ltr'>modicam</span> <span class='ocrx_word' id='word_1_69' title='bbox 507 1671 540 1725; x_wconf 87' lang='lat' dir='ltr'>et</span> <span class='ocrx_word' id='word_1_70' title='bbox 554 1655 715 1724; x_wconf 88' lang='lat' dir='ltr'>mediocri</span> <span class='ocrx_word' id='word_1_71' title='bbox 731 1651 798 1723; x_wconf 88' lang='lat' dir='ltr'>bile</span> <span class='ocrx_word' id='word_1_72' title='bbox 814 1653 1000 1742; x_wconf 81' lang='lat' dir='ltr'>serendam,</span> 
     </span>
     <span class='ocr_line' id='line_1_13' title="bbox 58 1762 868 1859; baseline 0.002 -29"><span class='ocrx_word' id='word_1_73' title='bbox 58 1767 87 1831; x_wconf 82' lang='lat' dir='ltr'>si</span> <span class='ocrx_word' id='word_1_74' title='bbox 101 1765 207 1835; x_wconf 81' lang='lat' dir='ltr'>flectas</span> <span class='ocrx_word' id='word_1_75' title='bbox 222 1766 339 1836; x_wconf 84' lang='lat' dir='ltr'>oculos</span> <span class='ocrx_word' id='word_1_76' title='bbox 354 1766 485 1859; x_wconf 85' lang='lat' dir='ltr'>majora</span> <span class='ocrx_word' id='word_1_77' title='bbox 502 1766 544 1834; x_wconf 88' lang='lat' dir='ltr'>ad</span> <span class='ocrx_word' id='word_1_78' title='bbox 561 1766 703 1834; x_wconf 91' lang='lat' dir='ltr'>crimina</span> <span class='ocrx_word' id='word_1_79' title='bbox 720 1789 728 1831; x_wconf 76' lang='lat' dir='ltr'>t</span> <span class='ocrx_word' id='word_1_80' title='bbox 750 1762 868 1832; x_wconf 84' lang='lat' dir='ltr'>confer</span> 
     </span>
     <span class='ocr_line' id='line_1_14' title="bbox 57 1872 1108 1968; baseline -0.001 -27"><span class='ocrx_word' id='word_1_81' title='bbox 57 1874 254 1943; x_wconf 84' lang='lat' dir='ltr'>Conductum</span> <span class='ocrx_word' id='word_1_82' title='bbox 267 1873 452 1961; x_wconf 86' lang='lat' dir='ltr'>latronem,</span> <span class='ocrx_word' id='word_1_83' title='bbox 466 1873 620 1944; x_wconf 88' lang='lat' dir='ltr'>incendia</span> <span class='ocrx_word' id='word_1_84' title='bbox 633 1872 795 1968; x_wconf 86' lang='lat' dir='ltr'>sulphure</span> <span class='ocrx_word' id='word_1_85' title='bbox 808 1887 918 1967; x_wconf 89' lang='lat' dir='ltr'>coepta</span> <span class='ocrx_word' id='word_1_86' title='bbox 1061 1887 1108 1951; x_wconf 66' lang='lat'>145</span> 
     </span>
     <span class='ocr_line' id='line_1_15' title="bbox 57 1981 906 2079; baseline 0.001 -30"><span class='ocrx_word' id='word_1_87' title='bbox 57 1984 152 2075; x_wconf 74' lang='lat' dir='ltr'>Atque</span> <span class='ocrx_word' id='word_1_88' title='bbox 163 1983 260 2072; x_wconf 92' lang='lat' dir='ltr'>dolo,</span> <span class='ocrx_word' id='word_1_89' title='bbox 275 1985 403 2079; x_wconf 86' lang='lat' dir='ltr'>primos</span> <span class='ocrx_word' id='word_1_90' title='bbox 414 2008 519 2079; x_wconf 91' lang='lat' dir='ltr'>quum</span> <span class='ocrx_word' id='word_1_91' title='bbox 531 1982 635 2076; x_wconf 88' lang='lat' dir='ltr'>janua</span> <span class='ocrx_word' id='word_1_92' title='bbox 651 1981 777 2076; x_wconf 83' lang='lat' dir='ltr'>colligit</span> <span class='ocrx_word' id='word_1_93' title='bbox 794 1983 906 2077; x_wconf 83' lang='lat' dir='ltr'>ignes;</span> 
     </span>
     <span class='ocr_line' id='line_1_16' title="bbox 56 2089 932 2187; baseline 0.002 -30"><span class='ocrx_word' id='word_1_94' title='bbox 56 2089 166 2160; x_wconf 67' lang='lat' dir='ltr'>(oulen</span> <span class='ocrx_word' id='word_1_95' title='bbox 179 2106 213 2160; x_wconf 91' lang='lat' dir='ltr'>et</span> <span class='ocrx_word' id='word_1_96' title='bbox 227 2093 305 2176; x_wconf 87' lang='lat' dir='ltr'>hos,</span> <span class='ocrx_word' id='word_1_97' title='bbox 318 2093 441 2161; x_wconf 86' lang='lat' dir='ltr'>veteris</span> <span class='ocrx_word' id='word_1_98' title='bbox 452 2094 511 2187; x_wconf 91' lang='lat' dir='ltr'>qui</span> <span class='ocrx_word' id='word_1_99' title='bbox 522 2089 647 2161; x_wconf 87' lang='lat' dir='ltr'>tollunt</span> <span class='ocrx_word' id='word_1_100' title='bbox 659 2091 802 2186; x_wconf 83' lang='lat' dir='ltr'>grandia</span> <span class='ocrx_word' id='word_1_101' title='bbox 817 2089 932 2185; x_wconf 90' lang='lat' dir='ltr'>templi</span> 
     </span>
     <span class='ocr_line' id='line_1_17' title="bbox 58 2199 819 2297; baseline 0.008 -33"><span class='ocrx_word' id='word_1_102' title='bbox 58 2199 164 2270; x_wconf 85' lang='lat' dir='ltr'>Pocula</span> <span class='ocrx_word' id='word_1_103' title='bbox 176 2201 354 2272; x_wconf 80' lang='lat' dir='ltr'>adorandae</span> <span class='ocrx_word' id='word_1_104' title='bbox 368 2201 548 2295; x_wconf 78' lang='lat' dir='ltr'>robiginis,</span> <span class='ocrx_word' id='word_1_105' title='bbox 562 2217 597 2270; x_wconf 91' lang='lat' dir='ltr'>et</span> <span class='ocrx_word' id='word_1_106' title='bbox 613 2201 819 2297; x_wconf 90' lang='lat' dir='ltr'>populorum</span> 
     </span>
    </p>
   </div>
   <div class='ocr_carea' id='block_1_3' title="bbox 57 2415 1182 4250">
    <p class='ocr_par' dir='ltr' id='par_1_3' title="bbox 57 2415 1107 2588">
     <span class='ocr_line' id='line_1_18' title="bbox 57 2415 1107 2498; baseline -0.001 -25"><span class='ocrx_word' id='word_1_107' title='bbox 57 2416 143 2476; x_wconf 81' lang='lat' dir='ltr'>leviter</span> <span class='ocrx_word' id='word_1_108' title='bbox 156 2420 256 2490; x_wconf 81' lang='lat' dir='ltr'>scissa,</span> <span class='ocrx_word' id='word_1_109' title='bbox 272 2439 333 2477; x_wconf 89' lang='lat' dir='ltr'>non</span> <span class='ocrx_word' id='word_1_110' title='bbox 345 2419 481 2498; x_wconf 77' lang='lat' dir='ltr'>lacrymis</span> <span class='ocrx_word' id='word_1_111' title='bbox 491 2417 615 2495; x_wconf 78' lang='lat' dir='ltr'>pervim</span> <span class='ocrx_word' id='word_1_112' title='bbox 628 2417 767 2490; x_wconf 80' lang='lat' dir='ltr'>extortis3</span> <span class='ocrx_word' id='word_1_113' title='bbox 782 2428 811 2473; x_wconf 84' lang='lat' dir='ltr'>at</span> <span class='ocrx_word' id='word_1_114' title='bbox 822 2435 857 2474; x_wconf 82' lang='lat' dir='ltr'>ex</span> <span class='ocrx_word' id='word_1_115' title='bbox 867 2416 964 2473; x_wconf 84' lang='lat' dir='ltr'>animo</span> <span class='ocrx_word' id='word_1_116' title='bbox 976 2415 1107 2491; x_wconf 81' lang='lat' dir='ltr'>deplora·</span> 
     </span>
     <span class='ocr_line' id='line_1_19' title="bbox 59 2512 775 2588; baseline 0 -21"><span class='ocrx_word' id='word_1_117' title='bbox 59 2515 109 2579; x_wconf 84' lang='lat' dir='ltr'>tur;</span> <span class='ocrx_word' id='word_1_118' title='bbox 120 2523 147 2567; x_wconf 84' lang='lat' dir='ltr'>et</span> <span class='ocrx_word' id='word_1_119' title='bbox 158 2513 235 2568; x_wconf 84' lang='lat' dir='ltr'>oculi</span> <span class='ocrx_word' id='word_1_120' title='bbox 245 2523 350 2588; x_wconf 79' lang='lat' dir='ltr'>sponte</span> <span class='ocrx_word' id='word_1_121' title='bbox 361 2531 445 2570; x_wconf 80' lang='lat' dir='ltr'>veras</span> <span class='ocrx_word' id='word_1_122' title='bbox 457 2512 613 2568; x_wconf 79' lang='lat' dir='ltr'>effundunt</span> <span class='ocrx_word' id='word_1_123' title='bbox 627 2513 775 2588; x_wconf 76' lang='lat' dir='ltr'>lacrymas.</span> 
     </span>
    </p>

    <p class='ocr_par' dir='ltr' id='par_1_4' title="bbox 60 2599 1182 3582">
     <span class='ocr_line' id='line_1_20' title="bbox 93 2599 1109 2679; baseline -0.001 -21"><span class='ocrx_word' id='word_1_124' title='bbox 93 2601 150 2659; x_wconf 76' lang='lat'>135.</span> <span class='ocrx_word' id='word_1_125' title='bbox 169 2605 228 2662; x_wconf 85' lang='lat' dir='ltr'>Sed</span> <span class='ocrx_word' id='word_1_126' title='bbox 243 2604 269 2662; x_wconf 83' lang='lat' dir='ltr'>si</span> <span class='ocrx_word' id='word_1_127' title='bbox 283 2603 411 2679; x_wconf 85' lang='lat' dir='ltr'>reperire</span> <span class='ocrx_word' id='word_1_128' title='bbox 426 2615 469 2661; x_wconf 89' lang='lat' dir='ltr'>est</span> <span class='ocrx_word' id='word_1_129' title='bbox 486 2604 518 2659; x_wconf 90' lang='lat' dir='ltr'>in</span> <span class='ocrx_word' id='word_1_130' title='bbox 534 2605 601 2661; x_wconf 80' lang='lat' dir='ltr'>loro</span> <span class='ocrx_word' id='word_1_131' title='bbox 611 2604 757 2678; x_wconf 84' lang='lat' dir='ltr'>quoslibet</span> <span class='ocrx_word' id='word_1_132' title='bbox 772 2600 904 2658; x_wconf 88' lang='lat' dir='ltr'>homines</span> <span class='ocrx_word' id='word_1_133' title='bbox 915 2599 952 2655; x_wconf 87' lang='lat' dir='ltr'>de</span> <span class='ocrx_word' id='word_1_134' title='bbox 967 2599 1109 2672; x_wconf 86' lang='lat' dir='ltr'>ejusmodi</span> 
     </span>
     <span class='ocr_line' id='line_1_21' title="bbox 61 2689 1182 2770; baseline -0.001 -22"><span class='ocrx_word' id='word_1_135' title='bbox 61 2694 196 2752; x_wconf 81' lang='lat' dir='ltr'>sceleribus</span> <span class='ocrx_word' id='word_1_136' title='bbox 206 2707 235 2752; x_wconf 90' lang='lat' dir='ltr'>et</span> <span class='ocrx_word' id='word_1_137' title='bbox 247 2696 359 2753; x_wconf 79' lang='lat' dir='ltr'>damnis</span> <span class='ocrx_word' id='word_1_138' title='bbox 377 2706 600 2770; x_wconf 73' lang='lat' dir='ltr'>conquerentes,</span> <span class='ocrx_word' id='word_1_139' title='bbox 615 2694 640 2750; x_wconf 83' lang='lat' dir='ltr'>si</span> <span class='ocrx_word' id='word_1_140' title='bbox 655 2692 803 2750; x_wconf 85' lang='lat' dir='ltr'>debitores</span> <span class='ocrx_word' id='word_1_141' title='bbox 818 2709 890 2766; x_wconf 87' lang='lat' dir='ltr'>quos</span> <span class='ocrx_word' id='word_1_142' title='bbox 910 2708 959 2746; x_wconf 81' lang='lat' dir='ltr'>son</span> <span class='ocrx_word' id='word_1_143' title='bbox 978 2689 1108 2766; x_wconf 77' lang='lat' dir='ltr'>ipsorum</span> <span class='ocrx_word' id='word_1_144' title='bbox 1179 2714 1182 2724; x_wconf 29' lang='grc' dir='ltr'><strong><em>Δ</em></strong></span> 
     </span>
     <span class='ocr_line' id='line_1_22' title="bbox 60 2783 1107 2865; baseline 0 -24"><span class='ocrx_word' id='word_1_145' title='bbox 60 2801 145 2844; x_wconf 78' lang='lat' dir='ltr'>uanus</span> <span class='ocrx_word' id='word_1_146' title='bbox 156 2800 185 2845; x_wconf 89' lang='lat' dir='ltr'>et</span> <span class='ocrx_word' id='word_1_147' title='bbox 195 2789 354 2865; x_wconf 75' lang='lat' dir='ltr'>scripture,</span> <span class='ocrx_word' id='word_1_148' title='bbox 373 2807 447 2864; x_wconf 87' lang='lat' dir='ltr'>quos</span> <span class='ocrx_word' id='word_1_149' title='bbox 461 2787 574 2864; x_wconf 74' lang='lat' dir='ltr'>signum</span> <span class='ocrx_word' id='word_1_150' title='bbox 586 2788 694 2843; x_wconf 80' lang='lat' dir='ltr'>annulo</span> <span class='ocrx_word' id='word_1_151' title='bbox 705 2796 734 2842; x_wconf 89' lang='lat' dir='ltr'>et</span> <span class='ocrx_word' id='word_1_152' title='bbox 748 2784 841 2842; x_wconf 84' lang='lat' dir='ltr'>nobili</span> <span class='ocrx_word' id='word_1_153' title='bbox 856 2803 966 2861; x_wconf 79' lang='lat' dir='ltr'>gemma</span> <span class='ocrx_word' id='word_1_154' title='bbox 982 2783 1107 2859; x_wconf 85' lang='lat' dir='ltr'>impres-</span> 
     </span>
     <span class='ocr_line' id='line_1_23' title="bbox 61 2877 1107 2956; baseline -0.002 -22"><span class='ocrx_word' id='word_1_155' title='bbox 61 2882 261 2938; x_wconf 78' lang='lat' dir='ltr'>siuncunvincit</span> <span class='ocrx_word' id='word_1_156' title='bbox 271 2881 395 2956; x_wconf 77' lang='lat' dir='ltr'>aliquam</span> <span class='ocrx_word' id='word_1_157' title='bbox 406 2881 597 2956; x_wconf 78' lang='lat' dir='ltr'>syngrapham</span> <span class='ocrx_word' id='word_1_158' title='bbox 605 2879 642 2934; x_wconf 79' lang='lat' dir='ltr'>ab</span> <span class='ocrx_word' id='word_1_159' title='bbox 656 2877 725 2953; x_wconf 82' lang='lat' dir='ltr'>ipsis</span> <span class='ocrx_word' id='word_1_160' title='bbox 739 2877 874 2952; x_wconf 82' lang='lat' dir='ltr'>scriptam</span> <span class='ocrx_word' id='word_1_161' title='bbox 885 2885 914 2933; x_wconf 86' lang='lat' dir='ltr'>et</span> <span class='ocrx_word' id='word_1_162' title='bbox 929 2877 1107 2953; x_wconf 80' lang='lat' dir='ltr'>obsignatam</span> 
     </span>
     <span class='ocr_line' id='line_1_24' title="bbox 60 2968 1107 3048; baseline -0.002 -20"><span class='ocrx_word' id='word_1_163' title='bbox 60 2968 144 3035; x_wconf 69' lang='lat' dir='ltr'>lutee,</span> <span class='ocrx_word' id='word_1_164' title='bbox 158 2973 346 3030; x_wconf 87' lang='lat' dir='ltr'>nibilominus</span> <span class='ocrx_word' id='word_1_165' title='bbox 360 2973 418 3030; x_wconf 90' lang='lat' dir='ltr'>hoc</span> <span class='ocrx_word' id='word_1_166' title='bbox 430 2982 608 3048; x_wconf 79' lang='lat' dir='ltr'>pernegant,</span> <span class='ocrx_word' id='word_1_167' title='bbox 626 2980 656 3027; x_wconf 91' lang='lat' dir='ltr'>et</span> <span class='ocrx_word' id='word_1_168' title='bbox 672 2970 867 3027; x_wconf 68' lang='lat' dir='ltr'>adulterinum</span> <span class='ocrx_word' id='word_1_169' title='bbox 880 2988 940 3027; x_wconf 84' lang='lat' dir='ltr'>esse</span> <span class='ocrx_word' id='word_1_170' title='bbox 956 2969 1107 3046; x_wconf 82' lang='lat' dir='ltr'>chirogra-</span> 
     </span>
     <span class='ocr_line' id='line_1_25' title="bbox 60 3061 1107 3140; baseline -0.002 -21"><span class='ocrx_word' id='word_1_171' title='bbox 60 3062 133 3133; x_wconf 81' lang='lat' dir='ltr'>plmn</span> <span class='ocrx_word' id='word_1_172' title='bbox 144 3066 303 3140; x_wconf 79' lang='lat' dir='ltr'>falsumque</span> <span class='ocrx_word' id='word_1_173' title='bbox 315 3065 478 3134; x_wconf 79' lang='lat' dir='ltr'>clamitant,</span> <span class='ocrx_word' id='word_1_174' title='bbox 491 3064 559 3120; x_wconf 87' lang='lat' dir='ltr'>licet</span> <span class='ocrx_word' id='word_1_175' title='bbox 572 3063 620 3118; x_wconf 79' lang='lat' dir='ltr'>illa</span> <span class='ocrx_word' id='word_1_176' title='bbox 633 3063 795 3138; x_wconf 77' lang='lat' dir='ltr'>syngrapha</span> <span class='ocrx_word' id='word_1_177' title='bbox 811 3061 905 3118; x_wconf 83' lang='lat' dir='ltr'>decies</span> <span class='ocrx_word' id='word_1_178' title='bbox 917 3061 1032 3119; x_wconf 77' lang='lat' dir='ltr'>recitati</span> <span class='ocrx_word' id='word_1_179' title='bbox 1044 3061 1107 3117; x_wconf 86' lang='lat' dir='ltr'>l&#39;ne-</span> 
     </span>
     <span class='ocr_line' id='line_1_26' title="bbox 62 3152 1108 3230; baseline -0.007 -16"><span class='ocrx_word' id='word_1_180' title='bbox 62 3153 198 3230; x_wconf 65' lang='lat' dir='ltr'>utpium,</span> <span class='ocrx_word' id='word_1_181' title='bbox 209 3158 298 3215; x_wconf 78' lang='lat' dir='ltr'>variis</span> <span class='ocrx_word' id='word_1_182' title='bbox 310 3157 340 3214; x_wconf 85' lang='lat' dir='ltr'>iu</span> <span class='ocrx_word' id='word_1_183' title='bbox 350 3157 439 3228; x_wconf 87' lang='lat' dir='ltr'>locis,</span> <span class='ocrx_word' id='word_1_184' title='bbox 449 3169 584 3216; x_wconf 75' lang='lat' dir='ltr'>eteorum</span> <span class='ocrx_word' id='word_1_185' title='bbox 596 3155 718 3211; x_wconf 78' lang='lat' dir='ltr'>diversis</span> <span class='ocrx_word' id='word_1_186' title='bbox 730 3153 867 3223; x_wconf 77' lang='lat' dir='ltr'>testibus3</span> <span class='ocrx_word' id='word_1_187' title='bbox 878 3153 961 3210; x_wconf 78' lang='lat' dir='ltr'>valde</span> <span class='ocrx_word' id='word_1_188' title='bbox 975 3152 1108 3229; x_wconf 83' lang='lat' dir='ltr'>prolecto</span> 
     </span>
     <span class='ocr_line' id='line_1_27' title="bbox 61 3243 1108 3325; baseline -0.004 -21"><span class='ocrx_word' id='word_1_189' title='bbox 61 3243 177 3307; x_wconf 75' lang='lat' dir='ltr'>delicatus</span> <span class='ocrx_word' id='word_1_190' title='bbox 185 3269 232 3322; x_wconf 60' lang='grc' dir='ltr'>ιη</span> <span class='ocrx_word' id='word_1_191' title='bbox 242 3251 266 3307; x_wconf 84' lang='lat' dir='ltr'>si</span> <span class='ocrx_word' id='word_1_192' title='bbox 277 3259 362 3325; x_wconf 75' lang='lat' dir='ltr'>putes</span> <span class='ocrx_word' id='word_1_193' title='bbox 372 3261 402 3307; x_wconf 83' lang='lat' dir='ltr'>tc</span> <span class='ocrx_word' id='word_1_194' title='bbox 413 3268 448 3306; x_wconf 82' lang='lat' dir='ltr'>ex</span> <span class='ocrx_word' id='word_1_195' title='bbox 457 3249 607 3305; x_wconf 84' lang='lat' dir='ltr'>bominum</span> <span class='ocrx_word' id='word_1_196' title='bbox 618 3265 706 3324; x_wconf 71' lang='lat' dir='ltr'>grege</span> <span class='ocrx_word' id='word_1_197' title='bbox 719 3244 882 3314; x_wconf 85' lang='lat' dir='ltr'>communi,</span> <span class='ocrx_word' id='word_1_198' title='bbox 899 3257 928 3302; x_wconf 89' lang='lat' dir='ltr'>et</span> <span class='ocrx_word' id='word_1_199' title='bbox 939 3245 1049 3301; x_wconf 78' lang='lat' dir='ltr'>usitatis</span> <span class='ocrx_word' id='word_1_200' title='bbox 1060 3261 1108 3300; x_wconf 80' lang='lat' dir='ltr'>ca-</span> 
     </span>
     <span class='ocr_line' id='line_1_28' title="bbox 61 3333 1105 3415; baseline -0.005 -21"><span class='ocrx_word' id='word_1_201' title='bbox 61 3333 121 3394; x_wconf 75' lang='lat' dir='ltr'>sibus</span> <span class='ocrx_word' id='word_1_202' title='bbox 131 3341 330 3410; x_wconf 82' lang='lat' dir='ltr'>eximendum,</span> <span class='ocrx_word' id='word_1_203' title='bbox 344 3338 425 3415; x_wconf 81' lang='lat' dir='ltr'>quasi</span> <span class='ocrx_word' id='word_1_204' title='bbox 435 3339 547 3415; x_wconf 73' lang='lat' dir='ltr'>gallina·</span> <span class='ocrx_word' id='word_1_205' title='bbox 557 3339 641 3407; x_wconf 80' lang='lat' dir='ltr'>albae,</span> <span class='ocrx_word' id='word_1_206' title='bbox 653 3347 687 3393; x_wconf 89' lang='lat' dir='ltr'>ut</span> <span class='ocrx_word' id='word_1_207' title='bbox 696 3336 833 3412; x_wconf 79' lang='lat' dir='ltr'>paroemia</span> <span class='ocrx_word' id='word_1_208' title='bbox 844 3336 917 3407; x_wconf 82' lang='lat' dir='ltr'>lert,</span> <span class='ocrx_word' id='word_1_209' title='bbox 928 3354 1002 3394; x_wconf 86' lang='lat' dir='ltr'>esses</span> <span class='ocrx_word' id='word_1_210' title='bbox 1011 3333 1105 3402; x_wconf 85' lang='lat' dir='ltr'>filius;</span> 
     </span>
     <span class='ocr_line' id='line_1_29' title="bbox 62 3427 1150 3512; baseline -0.01 -20"><span class='ocrx_word' id='word_1_211' title='bbox 62 3432 219 3500; x_wconf 71' lang='lat' dir='ltr'>quieueri</span> <span class='ocrx_word' id='word_1_212' title='bbox 231 3453 291 3509; x_wconf 73' lang='lat' dir='ltr'>pra</span> <span class='ocrx_word' id='word_1_213' title='bbox 306 3445 334 3490; x_wconf 90' lang='lat' dir='ltr'>te</span> <span class='ocrx_word' id='word_1_214' title='bbox 343 3451 403 3489; x_wconf 85' lang='lat' dir='ltr'>uno</span> <span class='ocrx_word' id='word_1_215' title='bbox 414 3431 484 3488; x_wconf 85' lang='lat' dir='ltr'>viles</span> <span class='ocrx_word' id='word_1_216' title='bbox 498 3443 527 3488; x_wconf 87' lang='lat' dir='ltr'>et</span> <span class='ocrx_word' id='word_1_217' title='bbox 537 3429 743 3488; x_wconf 85' lang='lat' dir='ltr'>contemnendi</span> <span class='ocrx_word' id='word_1_218' title='bbox 757 3429 856 3486; x_wconf 81' lang='lat' dir='ltr'>lorent</span> <span class='ocrx_word' id='word_1_219' title='bbox 866 3427 953 3502; x_wconf 87' lang='lat' dir='ltr'>pulli,</span> <span class='ocrx_word' id='word_1_220' title='bbox 970 3437 1105 3501; x_wconf 79' lang='lat' dir='ltr'>tanquam</span> <span class='ocrx_word' id='word_1_221' title='bbox 1143 3503 1150 3512; x_wconf 35' lang='grc' dir='ltr'>ι</span> 
     </span>
     <span class='ocr_line' id='line_1_30' title="bbox 62 3522 453 3582; baseline 0.018 -9"><span class='ocrx_word' id='word_1_222' title='bbox 62 3522 109 3578; x_wconf 78' lang='lat' dir='ltr'>oris</span> <span class='ocrx_word' id='word_1_223' title='bbox 118 3525 234 3582; x_wconf 65' lang='lat' dir='ltr'>sinistre</span> <span class='ocrx_word' id='word_1_224' title='bbox 243 3525 372 3582; x_wconf 74' lang='lat' dir='ltr'>volucris</span> <span class='ocrx_word' id='word_1_225' title='bbox 385 3524 453 3581; x_wconf 78' lang='lat' dir='ltr'>uati.</span> 
     </span>
    </p>

    <p class='ocr_par' dir='ltr' id='par_1_5' title="bbox 62 3608 1108 4250">
     <span class='ocr_line' id='line_1_31' title="bbox 93 3608 1107 3694; baseline -0.013 -13"><span class='ocrx_word' id='word_1_226' title='bbox 93 3617 147 3680; x_wconf 72' lang='lat'>¹43.</span> <span class='ocrx_word' id='word_1_227' title='bbox 167 3619 199 3676; x_wconf 77' lang='lat' dir='ltr'>si</span> <span class='ocrx_word' id='word_1_228' title='bbox 217 3617 380 3694; x_wconf 72' lang='lat' dir='ltr'>graviores,</span> <span class='ocrx_word' id='word_1_229' title='bbox 404 3618 510 3692; x_wconf 85' lang='lat' dir='ltr'>quibus</span> <span class='ocrx_word' id='word_1_230' title='bbox 526 3617 575 3673; x_wconf 80' lang='lat' dir='ltr'>alii</span> <span class='ocrx_word' id='word_1_231' title='bbox 590 3615 724 3691; x_wconf 85' lang='lat' dir='ltr'>qnotidie</span> <span class='ocrx_word' id='word_1_232' title='bbox 737 3613 919 3678; x_wconf 80' lang='lat' dir='ltr'>alliciuntur,</span> <span class='ocrx_word' id='word_1_233' title='bbox 935 3608 1107 3668; x_wconf 81' lang='lat' dir='ltr'>calamitates</span> 
     </span>
     <span class='ocr_line' id='line_1_32' title="bbox 62 3701 1108 3784; baseline -0.003 -19"><span class='ocrx_word' id='word_1_234' title='bbox 62 3709 184 3778; x_wconf 70' lang='lat' dir='ltr'>expendas</span> <span class='ocrx_word' id='word_1_235' title='bbox 193 3751 202 3780; x_wconf 92' lang='lat'>,</span> <span class='ocrx_word' id='word_1_236' title='bbox 212 3711 278 3766; x_wconf 82' lang='lat' dir='ltr'>leve</span> <span class='ocrx_word' id='word_1_237' title='bbox 291 3709 364 3765; x_wconf 84' lang='lat' dir='ltr'>illud</span> <span class='ocrx_word' id='word_1_238' title='bbox 379 3720 460 3765; x_wconf 86' lang='lat' dir='ltr'>tuum</span> <span class='ocrx_word' id='word_1_239' title='bbox 475 3709 607 3784; x_wconf 80' lang='lat' dir='ltr'>prolecto</span> <span class='ocrx_word' id='word_1_240' title='bbox 617 3709 754 3764; x_wconf 62' lang='lat' dir='ltr'>&amp;uinum</span> <span class='ocrx_word' id='word_1_241' title='bbox 765 3723 824 3763; x_wconf 85' lang='lat' dir='ltr'>esse</span> <span class='ocrx_word' id='word_1_242' title='bbox 832 3701 988 3778; x_wconf 82' lang='lat' dir='ltr'>intelliges,</span> <span class='ocrx_word' id='word_1_243' title='bbox 1005 3721 1057 3762; x_wconf 89' lang='lat' dir='ltr'>nec</span> <span class='ocrx_word' id='word_1_244' title='bbox 1070 3705 1108 3762; x_wconf 80' lang='lat' dir='ltr'>nd</span> 
     </span>
     <span class='ocr_line' id='line_1_33' title="bbox 62 3795 1107 3879; baseline -0.003 -22"><span class='ocrx_word' id='word_1_245' title='bbox 62 3806 149 3857; x_wconf 66' lang='lat' dir='ltr'>tantun</span> <span class='ocrx_word' id='word_1_246' title='bbox 161 3803 247 3860; x_wconf 83' lang='lat' dir='ltr'>bilem</span> <span class='ocrx_word' id='word_1_247' title='bbox 259 3802 437 3861; x_wconf 73' lang='lat' dir='ltr'>excitandam</span> <span class='ocrx_word' id='word_1_248' title='bbox 449 3815 556 3879; x_wconf 74' lang='lat' dir='ltr'>aptum.</span> <span class='ocrx_word' id='word_1_249' title='bbox 578 3804 738 3876; x_wconf 79' lang='lat' dir='ltr'>Compara,</span> <span class='ocrx_word' id='word_1_250' title='bbox 751 3798 850 3867; x_wconf 87' lang='lat' dir='ltr'>sodes,</span> <span class='ocrx_word' id='word_1_251' title='bbox 866 3814 930 3852; x_wconf 84' lang='lat' dir='ltr'>cuni</span> <span class='ocrx_word' id='word_1_252' title='bbox 945 3795 1107 3854; x_wconf 78' lang='lat' dir='ltr'>infortunio</span> 
     </span>
     <span class='ocr_line' id='line_1_34' title="bbox 63 3889 1107 3971; baseline -0.005 -20"><span class='ocrx_word' id='word_1_253' title='bbox 63 3898 112 3959; x_wconf 75' lang='lat' dir='ltr'>luo,</span> <span class='ocrx_word' id='word_1_254' title='bbox 119 3895 261 3953; x_wconf 73' lang='lat' dir='ltr'>latrocinia</span> <span class='ocrx_word' id='word_1_255' title='bbox 270 3915 334 3971; x_wconf 79' lang='lat' dir='ltr'>quae</span> <span class='ocrx_word' id='word_1_256' title='bbox 342 3894 418 3952; x_wconf 82' lang='lat' dir='ltr'>fiunt</span> <span class='ocrx_word' id='word_1_257' title='bbox 426 3897 464 3952; x_wconf 79' lang='lat' dir='ltr'>ab</span> <span class='ocrx_word' id='word_1_258' title='bbox 472 3895 622 3952; x_wconf 83' lang='lat' dir='ltr'>conductis</span> <span class='ocrx_word' id='word_1_259' title='bbox 632 3891 754 3968; x_wconf 82' lang='lat' dir='ltr'>pecunia</span> <span class='ocrx_word' id='word_1_260' title='bbox 761 3889 949 3965; x_wconf 69' lang='lat' dir='ltr'>predonibus</span> <span class='ocrx_word' id='word_1_261' title='bbox 958 3910 965 3945; x_wconf 94' lang='lat'><strong>:</strong></span> <span class='ocrx_word' id='word_1_262' title='bbox 975 3889 1107 3947; x_wconf 80' lang='lat' dir='ltr'>incendia</span> 
     </span>
     <span class='ocr_line' id='line_1_35' title="bbox 64 3980 1107 4063; baseline -0.008 -18"><span class='ocrx_word' id='word_1_263' title='bbox 64 3980 213 4059; x_wconf 70' lang='lat' dir='ltr'>donorum,</span> <span class='ocrx_word' id='word_1_264' title='bbox 228 3987 347 4063; x_wconf 80' lang='lat' dir='ltr'>quando</span> <span class='ocrx_word' id='word_1_265' title='bbox 360 3988 431 4044; x_wconf 83' lang='lat' dir='ltr'>clem</span> <span class='ocrx_word' id='word_1_266' title='bbox 446 3988 569 4062; x_wconf 81' lang='lat' dir='ltr'>sulphur</span> <span class='ocrx_word' id='word_1_267' title='bbox 578 3996 608 4044; x_wconf 85' lang='lat' dir='ltr'>et</span> <span class='ocrx_word' id='word_1_268' title='bbox 621 3985 675 4041; x_wconf 79' lang='lat' dir='ltr'>aliu</span> <span class='ocrx_word' id='word_1_269' title='bbox 691 3983 722 4041; x_wconf 89' lang='lat' dir='ltr'>id</span> <span class='ocrx_word' id='word_1_270' title='bbox 739 4000 828 4061; x_wconf 82' lang='lat' dir='ltr'>genus</span> <span class='ocrx_word' id='word_1_271' title='bbox 841 3981 916 4058; x_wconf 78' lang='lat' dir='ltr'>ignis</span> <span class='ocrx_word' id='word_1_272' title='bbox 932 3983 1107 4040; x_wconf 79' lang='lat' dir='ltr'>irritamenta</span> 
     </span>
     <span class='ocr_line' id='line_1_36' title="bbox 63 4074 1103 4153; baseline -0.006 -19"><span class='ocrx_word' id='word_1_273' title='bbox 63 4090 105 4143; x_wconf 75' lang='lat' dir='ltr'>ptr</span> <span class='ocrx_word' id='word_1_274' title='bbox 113 4078 203 4136; x_wconf 82' lang='lat' dir='ltr'>dolum</span> <span class='ocrx_word' id='word_1_275' title='bbox 213 4080 324 4136; x_wconf 82' lang='lat' dir='ltr'>loribus</span> <span class='ocrx_word' id='word_1_276' title='bbox 330 4079 535 4137; x_wconf 79' lang='lat' dir='ltr'>admoventur:</span> <span class='ocrx_word' id='word_1_277' title='bbox 548 4079 648 4136; x_wconf 75' lang='lat' dir='ltr'>confer</span> <span class='ocrx_word' id='word_1_278' title='bbox 656 4075 812 4153; x_wconf 78' lang='lat' dir='ltr'>sacrilegii,</span> <span class='ocrx_word' id='word_1_279' title='bbox 824 4093 912 4151; x_wconf 87' lang='lat' dir='ltr'>quum</span> <span class='ocrx_word' id='word_1_280' title='bbox 920 4074 1011 4149; x_wconf 86' lang='lat' dir='ltr'>impio</span> <span class='ocrx_word' id='word_1_281' title='bbox 1024 4074 1103 4130; x_wconf 80' lang='lat' dir='ltr'>furto</span> 
     </span>
     <span class='ocr_line' id='line_1_37' title="bbox 64 4163 1106 4250; baseline -0.011 -21"><span class='ocrx_word' id='word_1_282' title='bbox 64 4166 239 4246; x_wconf 74' lang='lat' dir='ltr'>subripiuntur</span> <span class='ocrx_word' id='word_1_283' title='bbox 254 4191 321 4231; x_wconf 75' lang='lat' dir='ltr'>vasa</span> <span class='ocrx_word' id='word_1_284' title='bbox 335 4173 375 4232; x_wconf 90' lang='lat' dir='ltr'>ob</span> <span class='ocrx_word' id='word_1_285' title='bbox 387 4183 557 4232; x_wconf 80' lang='lat' dir='ltr'>vetustatem</span> <span class='ocrx_word' id='word_1_286' title='bbox 570 4191 652 4231; x_wconf 86' lang='lat' dir='ltr'>sacro</span> <span class='ocrx_word' id='word_1_287' title='bbox 663 4169 791 4250; x_wconf 81' lang='lat' dir='ltr'>quodam</span> <span class='ocrx_word' id='word_1_288' title='bbox 806 4169 919 4227; x_wconf 82' lang='lat' dir='ltr'>bonore</span> <span class='ocrx_word' id='word_1_289' title='bbox 932 4166 1034 4242; x_wconf 77' lang='lat' dir='ltr'>dignu,</span> <span class='ocrx_word' id='word_1_290' title='bbox 1052 4163 1106 4219; x_wconf 79' lang='lat' dir='ltr'>do-</span> 
     </span>
    </p>
   </div>
   <div class='ocr_carea' id='block_1_4' title="bbox 0 0 1417 4917">
    <p class='ocr_par' dir='ltr' id='par_1_6' title="bbox 0 0 1417 4917">
     <span class='ocr_line' id='line_1_38' title="bbox 0 0 1417 4917; baseline 0 0"><span class='ocrx_word' id='word_1_291' title='bbox 0 0 1417 4917; x_wconf 95' lang='lat' dir='ltr'> </span> 
     </span>
    </p>
   </div>
  </div>
 </body>
</html>
