2784 4917
331 363 508 484 smmi
530 418 808 488 unnncrns.
1048 430 1109 514 ¹49

43 533 138 601 Nemo
157 533 248 602 inter
265 559 362 603 curas
379 550 413 603 et
433 537 519 604 seria
536 537 632 607 duxit
649 539 861 627 habendum,

41 638 146 726 Qualis
163 643 197 710 in
214 643 344 712 Oceani
362 643 469 714 lluctu
487 647 623 716 testudo
640 663 790 734 nataret,

40 749 163 819 Clarum
181 753 385 846 Trojugenis
403 753 534 824 factura
551 781 590 825 ae
607 757 720 828 nobile
738 757 907 833 fulcrum:
1007 823 1011 831 .
1074 779 1108 846 95

39 859 92 928 Sed
107 861 199 930 nudo
215 861 339 950 latere,
360 880 394 933 et
408 865 522 958 parvis
541 865 637 937 frons
653 892 741 936 aerea
757 867 853 939 lectis

39 969 104 1036 Vile
120 974 275 1041 coronati
292 990 395 1067 caput
411 976 610 1047 ostendebat
626 977 737 1063 aselli,

41 1079 82 1146 dd
96 1082 184 1173 quod
203 1081 318 1150 lascivi
336 1082 498 1154 ludebant
518 1087 605 1156 ruris
621 1086 761 1156 alumni.

40 1188 123 1258 Tales
136 1216 219 1287 ergo
233 1192 319 1272 eibi,
337 1193 444 1286 qualis
461 1195 582 1266 domus
596 1213 697 1290 atque
713 1197 875 1293 supellex.

41 1301 123 1368 Tunc
142 1301 236 1370 rudis
252 1318 286 1371 et
301 1303 423 1374 Graias
439 1305 555 1375 mirari
574 1309 708 1393 nescius
727 1324 834 1396 artes,
1059 1345 1109 1382 ιω

42 1409 176 1478 Urbibus
191 1412 331 1496 eversis,
350 1413 543 1506 praedarum
559 1417 595 1484 in
610 1433 707 1510 parte
721 1434 854 1513 reperta

40 1519 232 1611 Magnorum
249 1521 419 1592 artificum
436 1522 615 1619 frangebat
633 1526 755 1619 pocula
773 1527 890 1612 miles,

40 1627 78 1694 Ut
95 1628 237 1722 phaleris
252 1627 416 1725 gauderet
431 1657 556 1726 equus,
576 1634 761 1729 caelataque
777 1634 876 1704 cassis

41 1737 201 1807 Romuleae
215 1737 395 1808 simulacra
411 1737 492 1809 serae
507 1765 744 1812 mansuescere
757 1742 858 1835 jussae
946 1833 951 1846 ι

41 1848 166 1942 Imperii
184 1848 272 1934 fato,
290 1849 442 1943 geminos
459 1851 523 1919 sub
542 1876 626 1946 rupe
640 1851 820 1940 Quirinos,

42 1961 81 2026 lle
95 1960 220 2028 nudam
240 1959 390 2056 elligicm
407 1960 528 2056 clypeo
542 1961 713 2030 venientis
729 1978 764 2030 et
780 1962 882 2038 hasta¹

40 2069 279 2166 Pendentisque
295 2072 360 2142 Dei
377 2073 530 2166 perituro
547 2072 745 2141 ostenderet
761 2071 862 2144 hosti.

42 2181 169 2275 Argenti
188 2181 281 2278 quod
297 2196 388 2268 erat,
408 2181 487 2252 solis
504 2180 657 2280 fulgebat
673 2181 850 2256 inarmis:

40 2406 114 2466 esset3
125 2407 210 2467 tnnc,
222 2396 357 2472 iuquam,
369 2415 473 2468 nemo,
488 2395 569 2474 quasi
583 2415 643 2455 rem
655 2395 774 2467 seriam,
786 2407 816 2454 et
825 2383 947 2472 alicujus
956 2399 1113 2468 momenti,

41 2489 135 2545 curarit
151 2489 323 2564 exquirere,
342 2492 441 2565 quales
452 2502 482 2548 et
495 2501 609 2567 quantae
623 2491 654 2546 iu
669 2491 788 2548 Oceano
801 2501 976 2564 caperentur
991 2490 1112 2548 testudi-

41 2598 91 2647 ues,
104 2602 119 2639 e
133 2603 259 2658 quarum
271 2583 389 2641 conchis
400 2584 431 2640 in
445 2585 565 2641 laminas
575 2583 696 2641 desectis
709 2594 848 2640 ornarent
860 2584 1004 2640 lectorum
1017 2582 1111 2642 lnlcra

41 2673 149 2734 llomaui
161 2696 298 2752 proceres
312 2699 319 2734 ι
332 2687 414 2734 crant
430 2677 572 2734 inornatas
586 2676 727 2732 cubilium
738 2675 858 2751 spondae
870 2687 899 2732 et
915 2676 993 2732 nuda
1007 2677 1111 2746 latera,

41 2763 84 2838 ipsi
94 2770 188 2826 lectuli
200 2769 335 2846 angusti,
351 2781 380 2826 ct
394 2769 424 2826 in
440 2789 541 2827 corum
557 2767 700 2825 anteriori
714 2779 797 2844 parte
813 2767 885 2824 asini
901 2769 959 2824 vile
974 2782 1060 2844 caput
1074 2788 1110 2828 ex
1137 2832 1140 2843 ¹

43 2877 87 2916 are
104 2863 262 2932 visebatur,
274 2860 398 2918 floribus
411 2861 596 2931 redimitum,
609 2860 684 2918 circa
696 2863 778 2934 quod
788 2861 910 2918 infantes
924 2862 1024 2918 rustici
1036 2882 1109 2938 pro-

43 2959 107 3008 terve
121 2954 321 3011 colludebant.
344 2953 418 3011 Huic
440 2954 531 3031 igitur
553 2954 728 3028 supellectili
748 2973 780 3010 ac
801 2954 903 3012 domni
919 2967 1109 3012 consentanea

41 3057 107 3101 erant
121 3066 286 3104 mensarum
304 3047 421 3104 fercula.
437 3047 520 3106 Tunc
538 3048 644 3106 milites
660 3047 755 3104 nostri
768 3067 871 3123 parum
890 3048 920 3104 in
936 3047 1109 3106 aestimandis

41 3137 194 3196 Gracorurn
214 3138 358 3195 artificum
381 3140 494 3198 eximiis
514 3143 653 3216 operibus
671 3136 776 3216 periti,
794 3153 823 3198 et
840 3141 984 3216 ejusmodi
1007 3162 1106 3200 rerum

41 3243 254 3308 contemptores,
269 3233 394 3308 siquam
409 3234 597 3310 diripuissent
611 3234 732 3302 urbem,
749 3232 831 3306 cujus
844 3233 875 3290 in
891 3233 991 3307 spoliis
1006 3235 1108 3291 elabo-

40 3335 86 3379 nn
99 3326 272 3402 reperissent
285 3326 322 3382 ab
337 3327 461 3404 egregiis
472 3327 626 3405 opificibus
640 3348 721 3398 vasa,
738 3328 839 3384 eadem
852 3327 1034 3402 perfringere
1047 3346 1109 3383 non

40 3415 212 3494 dubitabant,
235 3431 269 3477 ut
285 3439 320 3477 ex
337 3420 371 3478 iis
390 3423 484 3479 bullas
499 3434 528 3478 et
545 3422 601 3480 alia
619 3421 650 3478 id
665 3441 757 3498 genus
777 3439 920 3495 equorum
939 3429 1108 3476 ornamenta

41 3511 217 3584 conficerent,
234 3523 268 3570 ut
281 3533 346 3570 suas
362 3515 456 3590 galeas
470 3515 642 3592 insignirent
654 3516 751 3572 caelata
764 3511 860 3588 effigie
872 3511 984 3584 aliqua,
1000 3510 1110 3566 scilicet

40 3601 113 3677 lupa,
140 3627 207 3682 quac
229 3606 379 3681 deponens
404 3606 531 3664 nativam
555 3607 716 3677 feritatem,
740 3607 781 3662 ita
801 3603 972 3678 jubentibus
994 3603 1112 3678 imperii

41 3693 151 3756 Romani
163 3699 246 3768 latis,
261 3699 420 3758 Romulum
438 3700 510 3756 aluit
529 3722 535 3756 :
551 3700 621 3756 item
637 3698 821 3775 geminorum
839 3696 962 3752 fratrum
981 3697 1066 3752 Remi
1079 3710 1109 3756 et

41 3787 157 3862 Romuli,
172 3793 228 3848 snb
241 3792 402 3862 Quirinalis
415 3792 523 3850 montis
540 3811 612 3867 rupe
624 3791 803 3866 jacentium:
817 3798 867 3845 aut
880 3788 998 3857 Martis,
1014 3790 1109 3849 bello-

41 3899 94 3938 rum
107 3883 236 3958 praesidis
252 3884 313 3954 dei,
325 3887 376 3959 qui
390 3886 486 3942 nudus
500 3903 566 3940 cum
576 3886 656 3940 hasta
669 3895 699 3940 et
711 3883 814 3958 clypeo
825 3882 906 3958 quasi
916 3894 1029 3941 exstare
1041 3904 1108 3942 cer-

41 3989 143 4034 neretur
157 3997 174 4036 e
189 3979 285 4054 galea,
296 3979 430 4054 hostique
441 3979 521 4035 velut
536 3977 707 4046 imminens,
723 3974 767 4031 illi
777 3974 898 4032 exitium
910 3975 1062 4032 intentare.
1076 3977 1110 4036 Si

43 4068 101 4138 quid
118 4069 174 4126 illis
192 4070 308 4145 argenti
326 4083 404 4142 erat,
422 4073 479 4128 boc
498 4070 586 4127 armis
606 4071 747 4128 duntaxat
764 4069 903 4128 ornandis
921 4068 1107 4126 adhibebant.

43 4158 111 4220 Tales
120 4164 254 4242 igiturne
267 4164 340 4222 tanti
350 4165 424 4240 riri,
434 4183 561 4242 qnorum
573 4162 755 4238 fortitudini,
768 4163 850 4222 famae
861 4183 894 4221 ac
905 4160 1035 4220 felicitati
1043 4157 1108 4230 jure
