2784 4917
271 425 333 502 184
432 423 603 488 VARIAE
627 423 922 488 LEGTIONES
943 425 1009 488 ET
1031 425 1186 491 NOTAE

266 539 333 592 ferm
344 533 473 590 stmetoris.
486 539 656 608 biansofartis
667 538 827 587 scribendum
839 557 893 588 essa
904 540 979 596 dicit.
993 553 1019 590 at
1030 559 1063 592 aa
1076 544 1137 607 ipsis
1150 542 1240 592 verbis
1248 552 1339 607 patere,

268 624 329 687 quid
343 625 374 672 sit
381 623 477 688 furtum
491 622 574 688 ofellae
584 622 697 686 exigue,
707 622 800 670 scilicet
806 639 886 687 genus
893 625 1028 674 farciminis
1036 641 1051 674 e
1059 626 1170 690 reliqniis
1183 627 1271 674 carnis
1277 625 1341 671 τιὰ

267 715 290 752 et
309 705 420 752 minutim
433 703 548 762 concisa,
558 719 608 768 qno
620 703 733 761 unum,
745 703 795 752 boc
803 717 854 767 sat,
863 724 877 754 a
886 708 977 756 teneris
985 709 1147 766 meiactna,
1159 707 1341 757 ddioetim'bns

267 787 373 852 dapibus
382 789 483 836 incultus
492 803 556 850 puer
567 787 614 852 (rs.
632 786 693 854 rifi)
707 798 757 836 tarn
768 789 839 836 facile
849 799 958 848 careret,
973 800 1001 838 nt
1019 791 1123 838 irnatnn
1136 805 1237 856 capreas
1246 801 1272 837 et
1287 789 1343 836 latu

267 873 332 920 Astu
348 871 399 920 avie
415 871 548 920 subderem
563 887 595 920 ne
612 872 638 919 in
655 882 764 921 rientem
778 870 879 937 quidem
897 875 947 940 ipsi
965 875 1068 925 reniret,
1085 876 1243 935 Enimvero,
1258 887 1286 922 ιιι
1301 873 1341 921 alia

268 966 372 1015 taceam,
391 971 442 1004 non
458 955 525 1004 facile
539 955 666 1019 cuiqnam,
681 957 729 1004 nisi
743 959 861 1006 rusticum
876 959 931 1006 vita
943 975 1021 1024 genua
1033 969 1198 1024 naturamque
1212 959 1341 1007 lrnrnarnn

268 1041 393 1106 ignoranti
405 1039 603 1103 perauadebitnr,
613 1039 715 1088 bnbnlci
726 1042 880 1105 pastorisque
890 1040 956 1090 lilios
968 1042 1059 1090 talibus
1068 1042 1136 1090 fartis
1145 1059 1160 1091 a
1169 1044 1268 1091 teneris
1276 1042 1342 1089 nese

267 1124 427 1181 muniretur,
438 1131 463 1169 et
473 1123 504 1170 iia
520 1137 552 1171 ne
564 1123 650 1170 Roma
661 1123 762 1186 quidem
771 1159 779 1183 ,
789 1124 834 1172 ubi
847 1125 965 1176 denam
976 1127 1020 1174 rix
1030 1126 1107 1174 bures
1117 1143 1254 1174 servorun
1264 1125 1341 1187 exple·

268 1206 350 1265 batur,
360 1208 388 1255 in
400 1216 507 1255 mentem
519 1206 615 1254 venisse
622 1240 630 1264 ,
638 1205 793 1256 delicatiores
803 1208 881 1268 cibor,
888 1225 902 1257 ι
910 1210 1102 1270 munumina,
1112 1221 1223 1273 gustaro.
1233 1211 1342 1256 hocca·

270 1291 339 1340 rione
349 1289 413 1340 snrta
423 1292 503 1351 nasci,
515 1291 553 1339 vel
562 1291 692 1355 proverbia
703 1291 805 1346 docent.
814 1302 839 1340 et
846 1307 900 1355 qne
909 1294 1046 1356 rnripusro
1056 1293 1176 1350 defuerat,
1184 1292 1340 1356 quotiesean

270 1376 356 1422 lionae
364 1375 470 1424 oblatam
479 1375 552 1423 inisse
562 1375 690 1424 dicemus?
696 1376 767 1425 Conl.
778 1375 875 1424 Corum.
884 1393 915 1424 ex
922 1392 972 1440 quo
984 1377 1089 1442 patebit,
1100 1393 1153 1434 non
1163 1375 1340 1425 sollicitandam

270 1475 323 1507 esse
331 1460 450 1525 vulgatam
460 1460 605 1518 lectionem,
616 1461 643 1508 in
653 1477 700 1524 qna
710 1460 881 1525 gravissimum
890 1463 930 1510 vir
938 1463 1025 1512 doctus
1034 1457 1153 1512 mendum
1164 1461 1218 1509 sibi
1230 1459 1341 1524 reperim

270 1543 338 1590 visus
348 1554 392 1591 est.
403 1570 439 1582 -
448 1544 543 1592 Tamen
552 1543 643 1592 retinui
649 1541 748 1609 frustis,
766 1555 791 1592 et
803 1561 902 1593 unanm
912 1547 1039 1610 vulgarem
1051 1547 1078 1593 in
1089 1545 1296 1610 inrerpretatione
1305 1557 1338 1587 re·

270 1627 342 1692 cepi:
357 1625 426 1691 quod
440 1625 502 1674 inihi
516 1625 683 1675 condonatum
694 1643 708 1673 a
720 1626 862 1678 doctissimo
874 1628 937 1677 duce
947 1629 1053 1694 Ruperti
1064 1644 1161 1694 precor.
1172 1629 1223 1676 En.

305 1733 374 1787 Nor.
396 1738 544 1797 tir-rii.
563 1734 656 1804 Neque
675 1732 757 1785 etiam
771 1735 902 1786 timuerim
922 1751 1011 1796 noster,
1028 1735 1167 1800 servulus,
1183 1733 1265 1788 norit
1282 1730 1338 1783 scite

268 1821 403 1870 enidrrcere
413 1817 485 1870 iurto
494 1827 584 1888 partes
593 1814 781 1869 delicatiorum
789 1816 913 1870 ciborum
921 1858 928 1882 ,
936 1830 968 1870 nt
976 1819 1046 1872 servi
1056 1819 1190 1872 nobilium
1201 1815 1338 1870 ditiorum·

269 1921 323 1974 qne
333 1901 487 1965 bominum,
498 1903 566 1951 mdis
574 1901 754 1967 omnitempore
761 1914 786 1950 ee
794 1898 886 1953 adhuc
894 1904 997 1954 imbuues
1009 1915 1127 1960 tantum.
1136 1893 1337 1970 initiatnsqntti

270 1987 334 2040 huic
348 1986 399 2039 arti
413 1981 611 2049 iurandisurtis‚
623 1981 786 2052 inrtoofslioe
795 1983 909 2056 seigam
922 2001 985 2036 num
995 1987 1097 2036 imbrus
1107 1984 1135 2038 h.
1147 1985 1203 2036 loc.
1214 2001 1271 2035 non
1279 1991 1337 2032 esta

269 2069 369 2123 teneris
380 2067 555 2127 assuefactus,
568 2061 615 2118 sed
627 2065 674 2136 qui
687 2065 802 2137 alicujus
811 2066 850 2118 rei
864 2066 971 2122 initium
986 2067 1061 2131 lecit3
1077 2066 1134 2121 rid.
1147 2067 1260 2122 Ernesti
1267 2065 1336 2117 Clar.

270 2153 327 2206 Cic.
339 2164 365 2204 et
375 2147 508 2222 Heyn.'ad
515 2148 591 2218 Virg.
602 2145 792 2212 AEneid.vt1,
803 2149 863 2212 541.
874 2149 918 2202 Ita
928 2150 1001 2203 lucet
1009 2150 1055 2203 hic
1065 2151 1155 2215 locus,
1167 2150 1198 2203 in
1210 2167 1267 2222 qno
1275 2145 1337 2198 alins

269 2249 298 2290 et
306 2231 425 2308 vulgaris
435 2234 516 2304 hujus
529 2231 603 2284 vocis
613 2229 780 2302 significatus
793 2232 999 2306 interpretibus,
1011 2246 1038 2286 et
1050 2233 1117 2286 mibi
1129 2249 1244 2305 qnoque
1258 2225 1336 2282 fraudi

271 2319 331 2374 suit.
347 2319 391 2372 Sio
407 2315 543 2389 aptissima
558 2325 620 2368 sunt
633 2314 737 2378 omnia,
751 2315 842 2368 irrisio
853 2335 991 2370 serrorum
1006 2316 1167 2382 iurantium,
1183 2316 1301 2388 primam
1311 2313 1338 2359 α’·

270 2406 365 2456 rusculi
376 2402 477 2455 lurtum
488 2397 584 2469 (rudes
594 2399 665 2451 enim
675 2399 791 2471 pastoris
801 2399 969 2472 bubulcique
980 2399 1030 2452 lilii
1043 2403 1135 2453 llomn
1147 2416 1212 2451 mox
1225 2413 1335 2451 corrum-

271 2499 372 2562 puntur
383 2485 510 2540 vitiorum
521 2481 688 2549 illecebris),
710 2479 833 2535 diminut.
852 2483 931 2550 osella
948 2487 958 2552 (
966 2483 1068 2549 ollula,
1083 2483 1231 2536 frustulum
1243 2480 1335 2538 etun,

271 2573 361 2644 panis,
374 2571 454 2637 etc),
472 2581 499 2622 et
513 2567 652 2640 epitheton
665 2567 771 2632 stigen,
787 2581 843 2635 qno
854 2563 962 2638 adjecto
973 2567 1013 2620 ris
1027 2577 1141 2638 augetur
1156 2568 1199 2632 (ot
1208 2567 1246 2630 V,
1262 2564 1335 2626 85,et

271 2657 305 2710 al.
315 2661 338 2725 );
350 2673 413 2708 nam
424 2671 509 2726 parra
522 2653 680 2725 plerumque
692 2659 756 2702 sunt
768 2647 896 2702 vitiorum
907 2651 993 2704 initia.
1009 2651 1135 2716 Quorum
1146 2650 1170 2701 si
1181 2647 1337 2702 meminisset

270 2741 383 2804 Mauso,
400 2756 456 2791 non
469 2737 599 2790 dixisset:
617 2734 695 2805 uquis
711 2744 765 2796 est,
782 2750 863 2803 quent
877 2752 934 2786 non
948 2731 1072 2786 offendat
1089 2733 1245 2786 tirunculus
1259 2728 1336 2783 onnit

270 2818 374 2873 fraudis
384 2830 410 2871 et
419 2817 485 2870 turri
496 2833 605 2888 expers,
618 2813 745 2884 idemque
747 2813 827 2881 sartis
838 2816 978 2865 imbuero?-
992 2833 1078 2886 neque
1088 2813 1275 2886 depravaret,
1285 2825 1337 2882 qut

270 2903 405 2974 corrigere
412 2899 512 2964 roinit3
523 2898 579 2952 rid.
591 2900 659 2950 Vur.
671 2899 744 2950 Lect.
758 2925 792 2936 -
805 2897 915 2962 Capreo,
926 2915 1015 2969 capra
1027 2898 1171 2961 silvestris,
1179 2894 1281 2955 damn.
1290 2906 1337 2944 etc.

269 3017 305 3029 -
313 2993 395 3055 Ape,
407 3001 454 3037 sen
462 2983 588 3048 Africanae
596 2997 653 3031 aves
663 2992 690 3032 et
703 2982 816 3030 uoluam
828 2980 840 3046 (
847 2980 915 3034 lior.
926 2979 1015 3052 Epod.
1027 2980 1067 3042 11,
1082 2981 1125 3044 53,
1133 2992 1161 3032 et
1171 2980 1279 3032 Peteon.
1287 2976 1336 3042 93)-

269 3073 411 3123 Vocantur
424 3065 505 3120 etiam
515 3068 612 3131 nisce
623 3067 749 3126 volueres,
761 3061 880 3114 Martini.
894 3064 976 3126 xlii,
988 3064 1034 3128 453
1045 3067 1150 3132 gallina
1164 3064 1303 3113 Numidico
1314 3069 1337 3109 et

271 3156 411 3225 Africana,
423 3151 531 3203 Petron.
549 3149 597 3210 ⁵53
610 3145 813 3210 cotum.v111,
828 3164 853 3210 s,
862 3165 890 3217 p.
903 3159 929 3198 et
938 3148 1018 3199 Varr.
1033 3149 1065 3199 ll.
1079 3148 1110 3198 ll.
1124 3146 1180 3210 111,
1197 3163 1229 3213 9,
1244 3146 1287 3206 18,
1296 3140 1337 3212 qui

270 3240 363 3302 docet,
374 3253 419 3289 eas
429 3230 554 3305 grandes,
561 3231 650 3284 varias
660 3229 786 3300 gibberas
796 3247 860 3290 esse,
872 3229 1027 3300 Gracisqoe
1036 3228 1091 3282 dici
1101 3225 1276 3302 μιλιαγρίδας,
1288 3223 1338 3296 qui·

269 3327 320 3378 bns
332 3336 420 3376 tumen
435 3318 495 3370 illus
507 3328 612 3368 tuntum
626 3313 726 3366 similes
739 3331 796 3365 esse
809 3311 894 3365 tradit
905 3314 1011 3367 Colum.
1028 3314 1081 3366 loc.
1096 3312 1171 3366 lund.
1185 3325 1212 3366 et
1221 3332 1237 3366 a
1247 3311 1337 3384 quibus

269 3427 315 3462 ens
325 3403 454 3460 discernit
464 3401 538 3454 Suet.
552 3398 612 3452 Cal.
626 3415 668 3448 aa.
679 3396 798 3448 Varroni
810 3395 991 3467 adstipulatur
1000 3396 1070 3449 Plin.
1083 3397 1119 3459 X,
1130 3399 1173 3459 ali,
1185 3414 1233 3448 sen
1243 3395 1285 3455 38,
1295 3389 1337 3443 nbi

267 3492 324 3547 vid.
338 3487 424 3544 ilard.
439 3486 486 3560 qui
500 3480 657 3556 prseteraliu
672 3479 763 3543 docet,
779 3477 959 3550 Meleagridus
973 3498 1029 3532 uon
1040 3498 1098 3531 esse
1109 3484 1222 3530 nostras
1230 3476 1335 3549 gallinas

269 3573 378 3627 Indicas
390 3573 399 3640 (
409 3567 579 3630 indriruiscde,
594 3563 726 3623 stekische,
738 3564 900 3613 calecutisrde
911 3565 1022 3625 lirilner,
1035 3564 1199 3621 reatinum,
1215 3556 1335 3612 Auertiti-

270 3678 324 3719 ner,
339 3657 439 3724 Pater),
454 3670 537 3724 quum
547 3650 590 3702 iris
604 3667 659 3700 non
670 3647 813 3701 conveniat
827 3645 973 3718 descriptio
983 3647 1092 3699 illarum
1103 3644 1176 3717 apud
1186 3646 1286 3698 Atben.
1299 3641 1333 3704 Χ,

271 3747 313 3806 24,
324 3753 351 3794 et
363 3739 437 3800 XIV,
451 3755 514 3808 pag.
530 3733 581 3788 655
594 3735 731 3802 (attamen
747 3731 795 3782 illa
810 3731 956 3796 Varronis,
968 3730 1049 3786 Plinii
1061 3742 1088 3784 et
1098 3729 1204 3783 Colum.
1215 3731 1238 3798 ),
1250 3741 1274 3782 et
1285 3724 1335 3796 gal·

268 3825 330 3879 line
349 3821 449 3874 ludica
467 3821 502 3872 ab
519 3817 681 3872 occidentali
702 3813 819 3887 primum
836 3813 915 3866 lndia
935 3832 983 3866 seu
1001 3813 1125 3866 Amerina
1138 3810 1173 3864 nd
1191 3829 1241 3864 nos
1255 3811 1335 3864 allate

269 3908 392 3978 adeoque
399 3923 508 3976 prorsus
515 3903 656 3973 incognite
665 3899 764 3955 luerint
773 3897 917 3953 veteribus.
927 3897 969 3952 Cf.
979 3896 1333 3966 Bochsrt.il¹ieroa.11,r,19.

307 4021 377 4072 Nor.
400 4013 457 4076 145.
477 4015 598 4072 Preietos,
611 4013 736 4082 vulgares
749 4011 883 4081 vilesque,
895 4011 994 4069 mtees,
1010 4025 1066 4059 non
1076 4004 1209 4077 pretiosos
1222 4016 1248 4056 et
1258 3997 1335 4054 multa

266 4115 327 4159 arte
337 4097 507 4169 conspicuos.
519 4097 559 4148 Do
573 4107 687 4168 utroque
701 4113 797 4164 genere
810 4093 972 4165 poculorum
983 4089 1041 4146 rid
1056 4091 1093 4154 V,
1107 4092 1222 4160 ιιι-48,
1232 4100 1259 4142 et
1268 4085 1334 4138 tto·

264 4189 322 4244 tial.
334 4183 414 4248 XIV,
428 4181 542 4252 93-96.
