2784 4917
267 413 312 476 92
432 394 603 480 VARIAE
627 391 923 460 LECTIONES
945 389 1009 454 ET
1031 387 1184 455 NOTAE

303 515 370 562 Vsa.
387 528 429 576 9⁰·
447 512 539 560 Haben'
551 512 701 560 tantumdem
711 510 775 576 (boe
784 518 833 568 est,
844 507 906 556 tanti
915 504 1041 565 eadmeri,
1050 505 1078 553 in
1088 514 1157 552 tanto
1167 503 1262 550 honore
1273 501 1328 565 esse)
1374 492 1375 507 ¹

269 610 323 642 uon
333 595 395 643 male
408 611 439 643 at
452 611 466 643 a
477 611 510 644 m.
522 611 571 642 see.
582 595 671 659 aliique
682 592 763 642 Codd.
773 601 833 639 teste
843 605 873 638 ac
883 589 956 654 prob.
965 589 1052 636 Heius.
1062 587 1094 636 ad
1103 586 1178 635 Orid.
1187 585 1261 633 Trist.
1269 588 1292 642 1,
1301 600 1329 645 9,

269 687 312 736 tt.
322 680 443 728 Notiones
457 689 540 727 tamen
549 679 654 727 honoris
667 677 706 724 rel
720 675 837 740 potentin
847 683 872 722 st
882 672 1024 720 divitiarum
1034 670 1098 718 bene
1108 669 1157 718 boo
1168 669 1222 717 loeo
1230 669 1330 731 jungun-

269 771 317 821 tur,
327 772 351 810 et
361 763 414 822 illa,
425 779 478 812 non
487 763 552 820 brec,
563 761 664 825 reliquis
672 759 814 808 continetur
826 756 918 806 asebis.

304 856 373 908 Nor.
392 872 436 923 90.
455 857 523 920 Qun
538 871 622 926 quum
635 853 674 904 ita
687 851 754 912 sint,
769 850 830 922 quis
846 847 953 921 optabit
967 845 1076 900 eosdem
1088 847 1208 899 bonores
1223 844 1330 911 babere,

268 957 337 1010 quos
348 939 445 992 babuit
458 940 583 1009 Sejanus,
606 948 633 989 et
644 933 739 988 eadem
753 934 823 1006 pati,
842 951 902 1006 quse
917 932 963 984 ille
974 949 1069 1004 passus
1081 929 1143 983 est?
1162 961 1198 971 -
1216 932 1328 989 Salutari,

270 1022 324 1074 coli
335 1039 342 1073 τ
353 1039 417 1074 uam
426 1021 537 1074 clientes
543 1017 665 1092 patronis
675 1017 767 1071 oldaia
776 1030 902 1090 prestare
913 1016 957 1070 vel
966 1016 1096 1068 honorem
1107 1014 1210 1066 habers
1220 1013 1332 1065 solebant

270 1104 426 1171 salutando,
437 1101 615 1168 occurrendo,
629 1101 768 1166 uetando,
777 1099 952 1164 deducendo,
962 1111 1014 1152 etc.
1026 1129 1061 1140 —
1070 1101 1168 1149 trabere
1176 1099 1330 1156 mundas,

271 1187 375 1240 scilieet
384 1186 543 1241 divitiarum
555 1199 583 1240 et
596 1185 729 1258 potentia.
741 1186 821 1239 Conf.
834 1186 900 1237 Var.
911 1186 984 1237 lact¹

306 1360 386 1408 Vtar
398 1375 441 1423 9¹·
452 1358 515 1421 Ulli,
526 1369 568 1421 rt,
577 1375 617 1422 ις,
628 1360 840 1414 22.-tummas‚
852 1372 876 1417 r,
887 1373 927 1419 70,
939 1357 1031 1417 75,7t‚
1040 1355 1172 1420 etquidem
1180 1353 1333 1404 Coddl’aris.

271 1441 349 1490 Sellas
358 1440 452 1492 donare
463 1443 576 1505 canales,
595 1457 711 1502 ro-ra‚
728 1448 839 1500 rt-ap‚
853 1439 971 1496 ss-50‚
987 1440 1107 1500 54-69,
1124 1446 1299 1501 71-7mp,
1314 1445 1335 1482 et

271 1538 358 1571 ornnes
366 1525 416 1572 sere
426 1524 508 1574 Codd.
521 1526 597 1574 Paris.
606 1523 674 1574 band
684 1522 762 1571 dubie
772 1538 786 1569 e
796 1521 885 1588 glossa.
896 1523 968 1569 liano
980 1531 1064 1569 temen
1077 1520 1134 1569 leet.
1147 1519 1272 1568 revocarit
1280 1517 1334 1566 Aeli

306 1617 377 1670 Nor.
397 1637 440 1688 9¹·
454 1621 498 1671 1111·
503 1658 512 1686 ,
528 1619 608 1682 huie,
626 1617 714 1670 alteri.
733 1619 830 1670 Caralis
842 1616 908 1669 sella
922 1617 1041 1686 primum
1053 1615 1106 1668 suit
1122 1633 1232 1685 regum,
1247 1611 1336 1666 deinde

270 1699 475 1769 magistratuum
485 1704 616 1775 majorum
623 1741 631 1767 ,
638 1713 704 1773 puta
713 1701 867 1764 consulum,
876 1719 1031 1765 oensorum,
1040 1711 1188 1772 pratorum
1195 1712 1223 1753 et
1229 1698 1337 1752 edilium

271 1782 414 1839 curulium.
426 1786 498 1840 ilina
507 1805 607 1838 trimme
619 1789 727 1850 currules,
739 1785 842 1839 seilicet
855 1785 942 1849 sollte,
951 1784 995 1839 vel
1005 1783 1101 1836 summi
1112 1783 1222 1836 curules
1230 1783 1336 1834 bonores

271 1876 298 1918 et
306 1867 477 1939 magistratus
488 1880 551 1922 suut
562 1867 730 1932 consulatus,
741 1879 772 1919 ut
781 1869 863 1936 major
871 1868 971 1930 caustis,
983 1863 1056 1939 apud
1067 1865 1136 1918 Stat.
1149 1865 1218 1919 silv.
1230 1867 1255 1930 1,
1265 1864 1337 1930 aba.

307 1965 377 2018 Nor.
392 1983 434 2034 9²·
452 1969 533 2029 liuor,
545 1963 671 2018 defensor
679 1964 831 2019 etvicarius
840 1965 961 2032 Principis
969 1975 996 2015 et
1006 1962 1111 2035 imperii
1121 1981 1203 2016 :narn
1213 1961 1339 2024 Tiberius,

271 2060 355 2116 quum
372 2052 477 2116 capreae
488 2047 649 2108 messuisset,
660 2047 803 2118 imperium
816 2047 915 2118 sejano
932 2045 1090 2100 tradiderat
1103 2045 1185 2098 cont.
1200 2043 1237 2098 ad
1249 2065 1287 2100 rs.
1301 2061 1338 2112 7¹·

273 2127 324 2180 Sed
338 2141 404 2180 tutor
417 2131 539 2197 Principis
553 2129 607 2182 hoo
621 2129 683 2180 loco
696 2125 752 2181 dioi
764 2127 872 2182 videtur
887 2148 936 2202 per
949 2128 1098 2182 ludibrium
1115 2128 1235 2194 Tiberii,
1253 2128 1298 2200 qui
1307 2124 1339 2178 ad

273 2209 363 2283 Sejani
371 2213 513 2265 arbitrium
522 2225 671 2283 nutumque
679 2231 710 2264 se
718 2223 806 2265 totum
813 2211 949 2282 lingebat,
959 2225 986 2266 et
992 2211 1091 2285 pupilli
1102 2211 1189 2265 iustas·
1199 2212 1229 2264 in
1239 2213 1295 2282 ejus
1302 2222 1339 2261 tu·

273 2294 355 2348 telam
365 2307 489 2361 acuerat,
498 2296 542 2349 vel
552 2308 647 2368 sponte
661 2315 688 2349 se
701 2293 965 2364 tradiderat-Italia
977 2300 1136 2365 Caprearum.
1148 2314 1215 2348 nam
1224 2293 1340 2348 Tiberius

272 2404 284 2428 ι
296 2379 413 2452 Capreas
427 2399 455 2432 se
466 2381 595 2446 contulit,
613 2382 749 2452 praecipue
764 2381 913 2435 delectatus
929 2381 1034 2446 insula,
1047 2379 1123 2453 quod
1139 2401 1197 2434 uno
1210 2395 1341 2453 partoque

271 2463 350 2516 litore
362 2460 492 2528 adiretur,
505 2476 579 2536 septa
591 2461 713 2536 undique
729 2465 874 2536 praeruptis
886 2465 1021 2517 immensa
1034 2463 1189 2518 altitudinis
1201 2463 1342 2536 rupibuset

270 2545 409 2619 profundo
418 2547 500 2600 maris
507 2567 533 2614 ;·
547 2547 620 2600 Suet.
631 2546 694 2600 Tib.
707 2567 731 2601 o.
741 2553 785 2611 to.
797 2550 838 2600 De
850 2551 952 2616 Capreis
962 2547 1020 2603 rid.
1030 2545 1067 2602 ad
1076 2567 1115 2602 rs.
1128 2567 1173 2619 7¹·
1183 2579 1222 2590 -
1229 2547 1342 2611 Sederat,

270 2631 412 2701 preclare3
424 2649 478 2684 non
489 2642 544 2684 tam
553 2631 629 2703 regni
640 2629 731 2684 sedem
739 2631 816 2704 quasi
823 2629 965 2696 habentis,
978 2648 1060 2702 quam
1071 2630 1256 2683 consumentis
1265 2630 1342 2682 otium

271 2725 298 2766 et
315 2712 427 2785 quidem
446 2727 500 2767 tam
513 2733 593 2785 segne
605 2717 616 2785 (
625 2734 688 2768 uam
707 2719 804 2780 sedere,
821 2709 892 2771 violat
911 2727 938 2766 et
957 2717 1073 2771 καθῆσθαι
1091 2712 1126 2768 de
1140 2714 1242 2786 ignm
1254 2713 1308 2766 otio
1319 2723 1343 2762 et

272 2800 388 2851 obscura
398 2799 454 2850 vita
471 2817 540 2870 saepe
553 2799 730 2867 adhibentur,
743 2800 778 2854 de
791 2819 847 2872 quo
857 2799 923 2854 'vide
934 2800 1027 2852 Klotz.
1042 2797 1079 2852 ad
1091 2800 1170 2873 Tyrt.
1185 2818 1248 2872 pag.
1266 2800 1310 2860 143
1320 2800 1343 2864 ),

273 2899 354 2954 quam
366 2881 523 2936 diumrnum
534 2884 603 2956 (per
614 2899 717 2957 septem
729 2903 794 2939 vero
807 2903 893 2938 annos
905 2881 1036 2956 usquead
1051 2884 1114 2938 ritae
1127 2884 1213 2938 linem
1223 2881 1343 2937 Tiberius

273 2964 383 3036 Capreis
394 2978 574 3018 commoratus
585 2981 625 3020 ert
634 2969 655 3036 ),
669 2969 738 3021 forte
748 2982 775 3021 et
783 2969 981 3040 turpissimum,
995 2986 1079 3039 quum
1088 2968 1117 3022 in
1127 2969 1231 3040 ganeis,
1242 2967 1343 3041 popinis

273 3061 299 3103 et
319 3047 496 3119 lupanaribus
514 3049 602 3101 ventri
615 3049 779 3122 libidinique
793 3049 946 3122 indulgeret
962 3048 1075 3104 κᾶειιιε
1089 3069 1152 3105 uam
1173 3064 1257 3124 poeta
1271 3048 1344 3102 simul

272 3131 390 3186 innuisse
400 3128 516 3195 ridetur,
526 3129 603 3204 quod
613 3146 744 3186 memorat
760 3135 836 3188 Suet.
846 3135 910 3187 Tib.
921 3153 980 3206 cap.
994 3135 1027 3196 tt
1038 3151 1046 3186 t
1061 3159 1072 3180 ι
1082 3136 1193 3189 Secessu
1205 3133 1343 3207 Capraeusi

272 3215 353 3270 etiam
373 3213 506 3268 sellariam
522 3215 686 3285 excogitavit
700 3215 791 3269 sedem
807 3235 967 3270 arcanarum
984 3215 1146 3284 libidinum,
1161 3231 1214 3273 etc.
1226 3245 1238 3266 ι
1252 3218 1344 3272 Conler

272 3299 359 3374 intpp.
372 3299 454 3351 Mart.
473 3298 509 3364 V,
521 3315 565 3368 γι,
585 3299 611 3351 3.
621 3328 656 3340 -
665 3304 780 3370 Angusta
794 3302 819 3349 in
832 3320 899 3368 rupe,
914 3298 976 3354 vide
988 3302 1054 3356 Var.
1069 3305 1142 3356 lect.

306 3461 376 3508 Van.
395 3459 438 3522 93.
457 3459 581 3522 depasto,
598 3475 620 3518 ι,
633 3473 678 3519 ιο,
690 3461 872 3520 ιι-ι7,,5ι,
886 3460 933 3521 56,
944 3463 990 3520 ba,
1000 3464 1048 3520 64,
1060 3462 1179 3525 69-76,
1193 3461 1243 3520 tr,
1258 3461 1346 3524 etqui·

273 3541 330 3590 dam
339 3541 419 3591 Codd.
433 3541 564 3590 Pedalion
576 3551 625 3602 est,
643 3557 696 3604 qun
708 3541 779 3590 sedet
787 3543 858 3605 quasi
869 3543 940 3608 regni
951 3544 1011 3604 luit,
1028 3560 1042 3592 s
1057 3543 1138 3594 Roma
1149 3544 1210 3592 illuc
1224 3543 1345 3598 translati;

272 3623 312 3670 rel
322 3625 480 3688 imperatoria
490 3633 518 3672 to
526 3635 607 3672 saneta
620 3621 688 3688 (ride
699 3623 772 3673 Oridz
782 3627 845 3673 Fast.
855 3627 884 3685 1,
897 3627 948 3691 609
958 3625 1020 3692 seq.)
1032 3637 1056 3675 et
1068 3626 1221 3687 venerabiII‚
1233 3627 1346 3692 qnoniam

272 3705 392 3770 principis
406 3706 452 3754 luit
462 3723 578 3756 secamus.
589 3707 639 3756 Sed
649 3707 701 3755 brec
710 3708 781 3756 notio
790 3709 841 3769 jam
851 3709 1000 3772 exprimitur
1010 3711 1094 3759 verbis
1101 3707 1225 3775 principis
1237 3707 1347 3765 sedentis,

272 3798 299 3836 et
310 3789 437 3837 venustius
449 3791 637 3856 mordacinsque
650 3803 687 3840 est
698 3793 828 3857 epitheton
838 3805 961 3860 augusta,
979 3796 1047 3858 quod
1062 3795 1159 3844 restitui
1173 3811 1206 3843 ex
1225 3811 1265 3855 ar,
1284 3804 1347 3850 tt·-

273 3887 320 3932 20,
333 3872 449 3932 45-50,
464 3873 506 3934 55,
522 3875 639 3936 57-61,
650 3877 701 3936 63..
720 3877 840 3936 65-68,
861 3895 902 3939 77,
919 3888 944 3925 et
961 3879 1061 3941 optimis
1078 3880 1149 3927 MSS.
1166 3879 1244 3926 Paris.
1261 3875 1345 3942 probb

271 3953 359 4017 Scalig.
369 3951 401 4000 ad
411 3955 499 4002 Manil.
509 3972 535 4020 p.
547 3974 580 4005 ιιι.
590 3966 623 4013 aa
633 3975 640 4017 ;
650 3961 724 4008 Voss.
736 3960 874 4026 Etymolog.
887 3978 942 4026 pag.
954 3962 1004 4020 303
1018 3961 1154 4010 lindenbr.
1163 3972 1188 4009 et
1197 3961 1263 4009 sch.
1275 3961 1346 4022 tinge

271 4039 318 4096 tibi
327 4039 500 4102 imperatorem
512 4041 652 4090 Romanum
662 4053 686 4091 et
695 4045 847 4111 Augustum,
861 4046 888 4093 in
897 4061 973 4111 parva
986 4061 1014 4094 aa
1024 4057 1122 4110 petrosa
1131 4043 1346 4094 insulaeedeatear.

272 4123 344 4172 Conl.
354 4121 451 4172 Comus.
