2784 4917
387 424 576 489 SATIRA
599 422 808 491 DECIMA.

76 530 162 602 Posse
172 534 290 607 volunt
304 562 314 607 ε
330 539 387 609 sed
404 564 479 634 quae
494 536 654 633 praeclara
669 554 703 607 et
718 563 879 634 prospera
892 543 994 629 tunti,

77 642 116 709 Ut
129 644 221 717 rebus
233 647 316 719 iretis
329 674 391 744 par
405 650 448 719 sit
461 673 618 719 mensura
632 646 819 719 malorum?

76 752 174 845 Hujus
188 759 244 851 qui
261 759 426 845 trahitur,
440 774 633 853 praetextam
650 783 784 830 sumere
794 760 922 831 maris?

75 862 119 929 An
132 864 331 937 Fidenarum
345 870 601 963 Gabiorumque
615 894 684 939 esse
697 885 860 964 potestas,
1086 904 1134 937 ιοο

77 972 113 1038 Et
124 972 163 1043 de
178 1002 333 1047 mensura
341 979 397 1072 jus
409 978 542 1065 dicere,
557 1002 634 1049 vasa
646 980 780 1049 minora

77 1081 230 1178 Frangere
244 1112 414 1182 pannosus
427 1088 541 1157 vacuis
557 1086 676 1157 AEdilis
690 1086 853 1157 Ulubris?

77 1190 155 1284 Ergo
167 1194 246 1287 quid
259 1196 447 1291 optandum
461 1196 568 1283 foret,
582 1198 756 1291 ignorasse
767 1198 882 1267 fateris

77 1298 241 1390 Sejanum:
261 1329 340 1373 nam
360 1304 418 1399 qui
436 1304 558 1373 nimios
573 1306 712 1399 optabat
725 1307 890 1388 bonores,

75 1410 112 1475 Et
125 1410 239 1481 nimias
255 1412 415 1507 poscebat
428 1438 523 1508 opes,
539 1438 721 1483 numerosa
736 1415 875 1509 parabat

75 1517 204 1590 Excelsae
222 1522 325 1593 turris
343 1520 508 1610 tabulata,
525 1521 618 1591 unde
637 1520 737 1590 altior
751 1538 838 1591 esset

75 1626 183 1715 Casus,
200 1645 233 1699 et
252 1629 403 1725 impulste
420 1656 570 1727 praeceps
587 1631 735 1699 immane
750 1630 870 1699 ruinae.

113 1737 201 1825 Quid
215 1743 365 1827 Crassos,
381 1740 463 1836 quid
481 1740 664 1834 Pompeios
679 1737 820 1808 evertit?
835 1754 869 1807 et
882 1736 997 1823 illum,

73 1844 119 1913 bd
134 1872 192 1917 sua
206 1850 262 1944 qui
281 1850 427 1920 domitos
444 1850 584 1921 deduxit
602 1850 707 1945 ssagra
721 1848 892 1939 Quirites?

73 1956 216 2027 Sunums
235 1984 358 2054 nempe
372 1957 466 2029 locus
482 1956 574 2029 nulla
591 1984 662 2028 non
680 1974 752 2029 arte
770 1960 906 2055 petitus,
1085 1992 1134 2027 no
1170 2020 1174 2032 .

75 2062 253 2160 Magnaque
269 2068 466 2143 numinibus
483 2084 563 2137 vota
578 2068 734 2143 exaudita
749 2068 912 2168 malignis.

76 2322 115 2369 ter
126 2326 296 2390 potestatem
310 2318 464 2393 cujuslibet
483 2318 675 2377 interficiendi
693 2321 813 2391 babeat,
828 2320 960 2396 qucnms
977 2318 1077 2377 cedern
1090 2316 1133 2373 uti

75 2408 157 2466 nolit?
177 2408 234 2469 Sed
249 2431 381 2487 quanm
396 2414 512 2471 tandem
532 2414 599 2469 vitoe
616 2413 747 2471 conditio
763 2414 921 2488 quamlibet
938 2412 1022 2481 felix,
1038 2407 1135 2484 optari

75 2508 100 2553 ct
108 2502 215 2577 acquiri
228 2514 368 2577 meretur,
382 2524 414 2563 ea
426 2506 499 2583 lege,
512 2517 544 2562 ut
556 2506 641 2564 bonis
651 2509 727 2564 mals
740 2517 936 2583 exaquantur,
951 2517 980 2563 et
995 2514 1135 2579 quantum

74 2606 105 2646 ex
114 2610 146 2649 ea
158 2595 250 2669 capias
264 2596 411 2653 commodi
428 2609 457 2654 et
468 2598 643 2673 voluptatis,
657 2608 770 2654 tuntum
786 2581 964 2653 incommodi
976 2614 1009 2651 uc
1024 2594 1135 2651 doloris

73 2679 195 2741 haurias?
205 2688 282 2763 Age,
292 2706 363 2743 nuru
374 2686 485 2761 sejani,
499 2690 551 2763 qui
559 2708 636 2745 unco
648 2688 775 2745 trahitur
784 2688 822 2743 ad
833 2687 1002 2759 Gemonias,
1013 2685 1135 2743 induere

74 2786 230 2845 praetextum
243 2780 358 2849 melles,
373 2798 459 2855 quam
471 2781 669 2857 magistratum
685 2798 787 2857 gerere
798 2778 829 2835 in
842 2779 982 2855 oppidulo
998 2776 1135 2853 quopiam

74 2862 188 2936 daeno,
195 2880 266 2944 putu
273 2868 399 2941 Fidenis,
409 2871 518 2942 Gabiis,
526 2892 613 2948 quam
620 2870 1022 2947 aedilisesseUlubris,ibique
1030 2869 1134 2927 detrita

75 2968 145 3015 verte
160 2960 279 3019 indutus
294 2962 359 3019 lites
374 2962 410 3021 de
426 2963 566 3023 mensuris
579 2976 775 3023 mercatorum
790 2975 820 3020 et
830 2963 1011 3040 ponderibus
1021 2970 1136 3019 coortss

76 3049 238 3127 dijudicare,
253 3076 286 3113 uc
302 3060 406 3133 pocula
418 3058 554 3131 minoris,
569 3078 657 3135 quum
667 3060 715 3115 lex
727 3058 824 3132 jubet,
839 3058 1003 3135 capacitatis
1016 3054 1136 3113 commi-

76 3148 172 3205 nuere?
191 3148 334 3207 Conceffis
352 3150 442 3227 igitur
458 3150 592 3226 sejanum
604 3150 757 3209 nescivisse
773 3150 845 3227 quid
863 3149 1137 3208 desideroriumor·

76 3236 183 3310 talibus,
199 3240 238 3297 ad
258 3258 357 3297 veram
375 3240 539 3299 felicitatem
554 3243 801 3318 consequendum,
814 3252 982 3319 oporteret:
993 3240 1046 3315 qui
1058 3240 1137 3295 euim

77 3326 218 3389 immensas
234 3340 305 3407 op'es
318 3334 351 3390 in
364 3333 453 3389 ultum
469 3334 648 3405 exstruebat,
664 3334 717 3410 qui
732 3334 890 3410 cupiditate
903 3332 1024 3389 honoris
1038 3331 1137 3386 insane

76 3421 226 3499 principem
236 3424 268 3481 in
278 3425 392 3483 civitate
402 3426 497 3483 locum
509 3424 962 3496 ambiebat,isturrimaedificore
972 3422 1139 3479 altissimam

75 3512 230 3587 ridebatur,
242 3516 321 3573 unde
334 3516 449 3574 caderet
461 3518 576 3593 gravius
583 3558 592 3589 ,
603 3516 801 3593 imprdsusque
812 3518 843 3573 iu
852 3516 1013 3588 subjectum
1024 3532 1057 3570 ec
1066 3532 1137 3589 pro-

76 3602 188 3666 fundum
205 3608 396 3684 precipitium
410 3609 490 3667 clade
504 3608 608 3683 majori
621 3618 650 3665 et
661 3610 778 3685 fragore
792 3618 898 3664 rueret.

113 3700 175 3756 roe.
198 3700 279 3771 Quid
292 3700 382 3757 exitio
394 3702 514 3771 Crassis,
527 3702 599 3776 quid
609 3700 754 3775 Pompeiis
762 3699 838 3756 tuit?
848 3699 921 3773 quid
927 3696 1085 3773 perniciem
1094 3698 1138 3755 illi

76 3789 180 3860 attulit,
199 3810 290 3866 aquo
304 3792 429 3868 populus
445 3794 593 3849 Romanus
606 3793 739 3849 reductus
753 3792 785 3847 iu
801 3790 985 3860 servitutem,
1001 3808 1034 3847 ec
1048 3791 1138 3847 veluti

75 3876 139 3935 loris
148 3900 246 3953 casm,
256 3894 286 3939 et
293 3882 384 3939 instar
392 3884 527 3959 mancipii
536 3883 651 3941 habitus
662 3882 877 3941 estiNimirum
886 3883 1051 3940 dominatus
1058 3883 1138 3938 omni

76 3974 254 4032 contentione
273 3976 423 4051 quaesitus,
442 3989 471 4033 et
486 3977 655 4035 exauditas
671 3978 790 4054 Superis
806 3979 983 4049 faventibus,
996 3980 1044 4035 vel
1059 3978 1138 4033 iratis

76 4066 173 4139 potius,
182 4080 270 4143 atque
279 4070 466 4145 cupiditatem
474 4071 624 4127 hominum
636 4072 850 4144 ulciscentibus,
860 4072 1019 4129 ambitiosa
1029 4087 1137 4146 preces.

77 4158 307 4237 Quotusquisque
320 4182 422 4239 regum
436 4182 468 4221 ac
486 4174 676 4239 tyrannorum
687 4176 745 4235 cst,
758 4164 810 4240 qui
819 4174 915 4221 morte
924 4163 1077 4219 incruente
1087 4158 1138 4215 de·
