2784 4917
305 407 492 475 SATIRA
513 406 710 474 DECIMA
733 408 931 476 TERTIA.
1067 407 1128 476 255

97 521 247 592 Mobilis
259 537 291 593 et
305 523 399 591 varia
412 537 462 591 est
475 521 580 592 ferme
596 537 715 592 natura
731 522 907 594 malorum.

48 631 178 719 Quum
196 631 299 702 scelus
315 632 514 717 admittunt,
532 646 682 726 superest
701 635 908 702 constantia:
927 634 1009 730 quid
1024 635 1074 704 sas

50 746 172 836 Atque
194 741 298 830 nefas,
318 741 454 811 tandem
472 741 639 835 incipiunt
652 743 777 812 sentire
794 744 937 837 peractis

50 853 284 940 Criminibus3
304 867 419 922 tamen
434 850 476 920 ad
493 875 603 921 mores
620 867 740 938 natura
758 855 902 923 recurrit

51 963 262 1050 Dumnatos,
276 963 343 1032 lixa
356 977 390 1031 et
405 963 528 1030 mutari
541 962 674 1032 nescia:
692 987 771 1032 nam
787 962 861 1057 quis
1084 983 1133 1042 240

55 1073 228 1142 Peccandi
241 1072 342 1142 finem
359 1072 471 1166 posuit
486 1071 574 1140 sibi?
591 1072 727 1167 quando
745 1071 874 1164 recepit

56 1184 218 1274 Ejectum
235 1182 337 1252 semel
353 1181 475 1250 adtrita
491 1181 533 1249 de
550 1180 662 1250 fronte
679 1179 860 1250 ruborem?

57 1290 223 1378 Quisnam
239 1292 417 1361 hominum
433 1305 497 1364 est,
513 1315 613 1383 quem
626 1305 664 1359 tu
678 1305 874 1360 contentum
889 1290 1011 1360 videris
1027 1315 1096 1360 uno

59 1397 224 1492 flagitio?
237 1400 331 1468 dabit
348 1401 383 1467 in
399 1398 554 1493 laqueum
568 1400 707 1494 vestigia
722 1413 836 1469 noster

61 1511 226 1600 Perfidus,
245 1524 280 1579 et
295 1511 385 1604 nigri
402 1511 552 1604 patietur
567 1512 712 1580 carceris
728 1534 874 1594 uncum,
1016 1503 1019 1510 ’
1082 1522 1132 1588 245

62 1622 132 1688 Aut
150 1621 244 1689 maris
259 1620 364 1714 AEgaei
378 1644 496 1713 rupem
512 1619 734 1713 scopulosque
748 1617 938 1713 frequentes

63 1729 235 1801 Exsulibus
251 1731 382 1825 magnis
398 1757 405 1798 :
425 1756 526 1827 poena
543 1731 704 1828 gaudebis
720 1752 835 1799 amara

66 1840 214 1908 Nominis
230 1841 346 1928 invisi,
365 1840 565 1935 tandemque
583 1839 730 1910 fatebere
748 1838 855 1926 laetus,

66 1949 139 2017 Nec
150 1950 300 2036 surdum,
318 1975 382 2020 nec
397 1952 560 2020 Tiresiam
576 1975 780 2045 quemquam
797 1971 867 2018 esse
884 1949 1049 2016 Deorum.

65 2211 71 2220 ¹
108 2144 166 2204 2³6.
185 2151 326 2205 Naturam
341 2149 545 2222 improborum
558 2149 641 2219 ride,
660 2167 786 2224 qnorum
800 2157 910 2202 mentes
923 2143 1009 2202 ruriae
1020 2162 1132 2219 semper

69 2250 97 2292 et
105 2241 246 2296 mutabiles
260 2261 267 2297 ε
282 2236 339 2296 illis
350 2238 422 2295 nihil
436 2251 478 2295 est
490 2239 624 2296 audacius
638 2259 670 2296 ac
680 2239 880 2308 deliberatius,
896 2257 985 2312 quum
996 2247 1132 2312 peceant;

69 2341 210 2405 postquem
223 2343 394 2407 peccarunt,
416 2342 484 2388 tunc
502 2340 597 2401 metu,
617 2332 749 2406 pudore,
771 2329 940 2406 poenitentia
954 2329 1132 2405 perturban-

70 2429 127 2492 tur,
143 2434 168 2479 et
186 2423 259 2498 qnid
276 2423 314 2479 sit
334 2424 470 2480 virtutem
489 2423 565 2480 inter
583 2437 615 2479 tte
632 2424 736 2480 vitium
755 2421 945 2493 discriminis,
962 2431 1130 2497 agnoscunt.

71 2513 253 2572 Nihilominus
263 2515 303 2572 sd
316 2514 414 2571 endem
430 2514 536 2592 degitis
552 2535 615 2591 quae
625 2516 907 2584 condemnaverant,
921 2515 1128 2583 revolvuntur,

72 2615 168 2662 nature
179 2607 307 2682 quodem
326 2607 436 2682 impetu
451 2607 640 2664 inveteratam
658 2607 797 2664 servantis
819 2603 1076 2674 consuetudinem,
1101 2616 1130 2661 et

72 2713 164 2768 pravos
178 2717 276 2756 mores
291 2698 438 2755 dediscere
451 2699 611 2757 nescientis.
631 2701 746 2770 Quotus
762 2693 839 2756 eni'm
855 2697 977 2773 quisque
992 2707 1084 2753 certos
1097 2697 1129 2753 in

73 2792 204 2861 petendo
222 2793 330 2850 limites
344 2793 511 2868 prescripsit
528 2793 597 2864 sibi,
618 2812 691 2869 qnos
709 2793 785 2848 ultra
805 2809 865 2847 non
880 2789 1129 2866 progrederetur?

76 2881 135 2949 Quis
147 2896 259 2942 exutam
272 2886 360 2942 semel
372 2885 577 2942 verecundiam
590 2885 686 2942 induit
704 2903 833 2955 rursum,
848 2903 880 2940 ac
899 2884 929 2938 in
945 2883 1072 2940 frontem
1085 2893 1129 2938 nt-

75 2971 155 3030 tritrm
165 2977 335 3034 revocavit?
347 2978 419 3048 Quis
429 2997 489 3036 uno
501 2989 613 3034 tuntum
624 2979 732 3036 scelere
744 2987 897 3036 contentus
909 2977 982 3036 luit?
995 2975 1129 3050 Perjurus

77 3061 116 3120 ille
126 3069 226 3126 rmicns
240 3082 322 3139 tuns,
342 3069 399 3125 nlio
414 3070 512 3144 aliquo
526 3073 633 3129 scelere
647 3073 824 3147 implicatus,
843 3073 947 3146 laqueo
966 3071 1128 3145 deprehen-

77 3154 160 3232 detur,
173 3182 205 3219 uc
218 3164 326 3220 merito
339 3163 481 3238 supplicio
496 3165 669 3222 muctabitur
683 3188 690 3222 :
706 3167 752 3222 rel
769 3165 928 3240 abripietnr
940 3164 971 3219 in
985 3181 1127 3220 carcerem

79 3249 193 3334 nigrum„
202 3256 245 3311 ibi
258 3274 334 3311 unco
344 3255 529 3327 vinciendus3
540 3257 587 3314 rel
599 3257 631 3314 in
642 3257 761 3315 exilium
770 3258 981 3325 emundabitur,
996 3273 1049 3330 per
1063 3271 1128 3310 sco·

77 3343 159 3411 pulum
166 3347 345 3423 AEgeimnris
354 3348 478 3425 aliquem
492 3350 568 3406 exiis
579 3351 617 3406 ad
628 3369 701 3425 qnos
714 3350 814 3408 famosi
823 3352 920 3408 exules
928 3349 1126 3422 deportantur.

76 3433 140 3492 Illius
151 3439 233 3497 invisi
243 3441 369 3498 hominis
383 3442 530 3499 crudelem
545 3443 703 3499 cruciatum
712 3443 791 3500 laetus
808 3442 956 3518 adspicies,
966 3459 998 3495 ec
1009 3437 1125 3494 tandem

76 3528 182 3598 gaudens
197 3535 312 3590 nullum
326 3534 402 3591 inter
421 3534 492 3591 deos
509 3535 644 3606 surdum,
660 3547 689 3592 et
701 3553 820 3605 cecum,
836 3546 870 3592 ut
890 3533 1046 3603 Tiresiam,
1067 3547 1127 3588 esse

80 3616 206 3682 fateberis,
