2784 4917
325 409 515 474 SATIRA
542 407 829 475 UNDECIMA.
1056 409 1116 476 151

44 523 78 588 Et
93 545 181 615 quos
196 523 358 618 deposuit
374 525 539 594 Nabataeo
556 521 667 594 bellus
685 523 789 610 saltu,

40 629 106 698 Jarn
124 634 249 704 nimios
263 636 434 730 capitique
452 658 584 728 graves.
602 634 692 704 Hinc
705 637 816 729 surgit
828 636 955 724 omis,

42 743 122 810 Eine
139 745 316 814 stomacho
333 743 435 814 bilis:
456 769 535 812 narn
554 767 611 838 pes
625 759 809 840 argenteus
824 742 907 832 illis,

42 853 192 924 Annulus
206 857 241 924 in
258 855 366 950 digito
384 855 477 950 quod
494 854 634 926 ferreus.
650 859 744 950 Ergo
759 858 947 952 superbum

43 963 221 1034 Convivam
238 990 360 1053 caveo,
377 967 435 1061 qui
452 990 507 1035 me
525 966 587 1036 sibi
602 981 796 1060 comparat,
811 981 846 1038 et
866 991 920 1038 res
1069 981 1119 1034 130

43 1073 190 1168 Despicit
205 1079 343 1173 exiguas
359 1103 367 1146 ι
389 1078 475 1147 adeo
492 1075 585 1146 nulla
598 1078 699 1148 uncie
711 1078 810 1147 nobis

44 1185 96 1252 Est
109 1187 239 1270 eboris,
257 1215 322 1258 nec
337 1187 494 1272 tessellae‚
511 1214 575 1258 nec
591 1187 740 1258 calculus
756 1213 796 1258 ex
811 1188 876 1258 hac

46 1295 198 1385 Materia;
212 1299 297 1393 quin
314 1301 385 1394 ipsa
399 1299 577 1370 manubria
591 1297 807 1368 cultellorum

46 1404 139 1474 Ossea
155 1434 163 1476 :
183 1434 254 1479 non
271 1425 386 1478 tamen
401 1411 454 1480 his
468 1409 537 1480 ulla
551 1435 714 1504 uinquam
729 1411 871 1504 opsonia
885 1410 973 1482 fiunt

48 1515 243 1602 Rancidula,
262 1521 413 1591 antideo
432 1522 530 1617 pejor
546 1519 670 1616 gallina
683 1534 829 1591 secatur.
1069 1538 1119 1593 1³5

47 1625 102 1693 Sed
116 1653 181 1698 nec
197 1645 347 1700 structor
362 1632 448 1718 erit,
465 1633 520 1724 cui
540 1631 661 1702 cedere
676 1631 799 1702 debeat
814 1632 925 1702 omnis

48 1735 194 1831 Pergula,
210 1739 395 1836 discipulus
410 1743 582 1836 Trypheri
602 1741 770 1827 doctoris,
787 1742 878 1836 opud
894 1765 996 1836 quern

48 1845 175 1918 Sumine
190 1877 268 1922 curn
282 1877 407 1947 magno
424 1851 541 1948 lepus,
560 1869 661 1948 utque
677 1877 773 1948 aper,
790 1867 826 1921 et
840 1877 1026 1948 pygargus,

47 1957 84 2024 Et
95 1961 259 2054 Scythicae
274 1961 444 2048 volucres,
459 1979 494 2034 et
512 1965 791 2060 phoenicopterus
805 1963 947 2058 ingens,

50 2067 86 2134 Et
97 2069 248 2141 Gaetulus
261 2097 361 2167 oryx,
381 2055 495 2144 hebeti
511 2075 696 2146 lautissima
712 2073 806 2144 ferro
1067 2087 1119 2146 ¹⁴0

51 2179 199 2262 Ceditur,
215 2197 250 2251 et
265 2196 337 2251 tota
351 2199 449 2258 sonet
463 2182 576 2253 ulmea
590 2207 686 2252 coena
699 2183 844 2252 Subura.

52 2289 115 2359 Nec
130 2291 277 2362 inistum
292 2319 422 2390 capreae
438 2294 646 2380 subducere,
660 2318 726 2362 nec
739 2290 827 2362 tatus
840 2291 933 2362 Asrae

53 2487 120 2560 cujus
131 2493 234 2568 populi
252 2495 362 2552 Mauris
377 2495 535 2572 nigriores;
552 2505 602 2552 aut
614 2511 651 2552 ex
665 2493 745 2552 silvis
762 2492 986 2561 Nsbstoeorum,
1005 2489 1038 2546 in
1054 2491 1120 2565 qui·

53 2579 97 2637 bus
109 2585 254 2660 elephanti
269 2586 370 2644 dentes
382 2587 442 2662 jam
460 2587 565 2644 nimios
583 2599 612 2646 et
629 2587 717 2662 capiti
732 2585 881 2662 graviores
895 2583 1057 2659 deponunt.
1074 2585 1119 2641 Ex

54 2692 81 2730 so
92 2677 226 2736 nimirum
238 2681 319 2756 quod
332 2681 475 2755 ejtrsmodi
491 2681 615 2758 pedibus
630 2681 742 2738 nitatur
757 2697 871 2748 mense,
887 2676 1016 2734 nescitur
1029 2695 1119 2752 eppe·

55 2769 127 2824 uuus
143 2772 292 2842 ciborum,
306 2773 374 2830 hinc
389 2773 466 2832 vires
476 2773 625 2830 adduntur
636 2773 787 2830 stomscho
802 2770 841 2828 sd
850 2769 932 2826 cibos
946 2769 1058 2828 hcilius
1071 2769 1119 2828 di-

55 2865 190 2934 gerendos.
202 2868 304 2942 ltsque
313 2885 374 2923 non
380 2867 477 2924 minus
485 2877 571 2940 turpe
580 2865 640 2940 jsrn
651 2865 771 2924 ducitur
779 2881 907 2920 mensam
918 2863 1026 2920 tabere
1037 2863 1121 2921 domi

55 2956 116 3024 pede
123 2969 309 3016 sustentatam
316 2971 465 3036 argenteo,
475 2978 562 3035 quam
573 2959 714 3016 annulum
721 2957 754 3014 in
762 2976 851 3014 manu
859 2957 987 3014 ferreum
997 2965 1118 3030 gestare.

56 3045 107 3121 Ego
117 3069 186 3108 vero
200 3052 296 3108 tantos
309 3051 452 3125 ejusmodi
465 3063 494 3109 et
509 3062 679 3129 arrogantes
692 3051 830 3109 convivas
841 3048 936 3126 fugio,
950 3048 1016 3124 qni,
1026 3067 1121 3106 mrem

58 3142 210 3200 tenuitatem
232 3143 342 3202 scilicet
357 3163 422 3202 curn
438 3145 496 3202 suis
512 3145 617 3220 opibus
634 3164 667 3202 sc
682 3141 795 3202 deliciis
816 3151 1033 3217 comparentes,
1057 3159 1121 3198 earn

59 3245 233 3294 contemnunt
248 3259 255 3293 ε
270 3255 337 3294 nsrn
351 3239 430 3313 opud
445 3259 491 3298 me
509 3260 547 3298 ne
564 3241 648 3298 uncis
665 3239 785 3315 quidem
801 3236 900 3294 eboris
914 3248 972 3307 est,
988 3254 1050 3292 non
1063 3246 1122 3290 tes-

58 3341 125 3396 tere,
143 3349 203 3386 non
222 3331 326 3386 calculi
341 3333 463 3389 eburnei
482 3345 565 3402 sunt,
587 3333 678 3390 immo
692 3332 750 3408 ipsi
764 3332 929 3390 cultrorum
943 3327 1038 3402 eupuli
1053 3337 1123 3382 suut

57 3434 85 3472 tt
101 3439 185 3480 osse:
208 3441 304 3497 neqtoe
326 3433 421 3482 tamen
442 3425 553 3484 idcirco
574 3445 644 3484 mese
663 3427 753 3501 depes
773 3423 899 3482 rancide
911 3441 945 3478 sc
961 3419 1122 3476 deteriores

58 3506 131 3581 finnt,
143 3535 203 3572 non
214 3516 346 3591 pejorem
359 3517 467 3575 hebent
477 3537 610 3594 saporem
621 3518 751 3595 gallina,
762 3515 831 3591 quis
841 3514 904 3570 istis
913 3510 1039 3569 cultellis
1046 3510 1124 3566 scin-

58 3601 161 3666 duntur.
180 3610 241 3667 Sed
257 3627 353 3684 neque
367 3611 462 3668 ederit
475 3611 553 3686 opud
571 3629 619 3668 me
636 3627 753 3677 servus,
772 3606 825 3681 qui
840 3621 970 3662 mensum
983 3601 1123 3672 instrrut,

59 3694 125 3755 ribos
133 3701 202 3758 srite
213 3715 340 3776 apponat
353 3721 387 3759 sc
399 3713 489 3774 secet,
506 3703 564 3762 illis
576 3703 715 3760 omnibus
725 3699 859 3774 peritior,
869 3695 920 3770 qui
929 3706 1023 3752 artem
1030 3695 1126 3752 fercu-

59 3785 140 3848 lorunr
150 3794 341 3852 serendorum
358 3795 502 3853 docentur
516 3797 546 3852 in
560 3795 657 3852 schola
669 3790 832 3867 Trypheri,
841 3789 874 3845 in
888 3807 946 3862 qus
959 3806 1064 3863 magns
1076 3806 1124 3842 sn·

60 3881 136 3954 ”fimi
151 3888 281 3963 lepores,
303 3888 382 3962 apri,
397 3889 534 3966 pygargi,
553 3885 684 3963 phssisni
702 3882 847 3959 Scythici,
865 3881 998 3956 ingentes
1013 3879 1127 3954 phoeni·

61 3979 170 4050 opteri,
186 3981 292 4040 Gsrtuli
309 4001 424 4058 oryces,
441 3993 470 4039 et
480 3981 535 4038 alia
546 3982 633 4036 laute
642 3995 731 4034 ooenae
741 3975 912 4044 sonulam
922 3972 1026 4030 ulmeis
1035 3969 1126 4043 virgis

63 4069 186 4143 contecta,
208 4074 312 4150 ligneis
329 4094 447 4152 quoque
461 4085 490 4132 et
507 4073 619 4132 obtusis
634 4069 737 4128 cultris
751 4078 896 4135 secantur,
916 4084 979 4121 non
992 4063 1054 4118 sine
1066 4060 1127 4116 rn-

62 4173 134 4237 K⁰N2
143 4183 202 4242 quo
214 4167 347 4228 suburra
355 4178 416 4228 tots
424 4167 592 4246 perstrepit.
603 4167 744 4226 structor
754 4181 851 4232 mens,
862 4160 895 4216 in
908 4158 963 4213 bac
973 4150 1129 4212 artevalde
