2784 4917
429 462 613 529 SATIRA
642 460 790 527 NONA.

98 569 164 638 llmc
176 571 231 642 soli
245 575 421 646 commissa
438 578 500 647 tibi
513 578 621 648 celare
635 591 824 662 memento,

97 682 133 749 Et
144 686 251 755 tacitus
266 704 397 758 nostras
412 691 549 759 intrate
566 688 632 781 fige
648 684 828 780 querelas:

98 792 415 867 Namresmortisera
430 814 481 868 est
493 798 651 868 inimicus
665 796 799 890 pumice
813 795 908 867 levis.
1109 812 1143 880 9⁵

96 902 151 989 Qui
163 906 256 975 modo
269 922 434 977 secretum
453 907 683 991 commiserat,
697 905 794 973 ardet
807 920 843 973 et
857 904 950 992 odit,

95 1010 257 1107 Tamquam
271 1015 476 1110 prodiderim
492 1014 658 1110 quidquid
671 1015 743 1084 seio
754 1040 762 1083 :
775 1038 910 1085 sumere
924 1014 1072 1101 ferrum,

95 1122 179 1189 Fuste
195 1125 320 1217 aperire
334 1142 451 1219 caput,
467 1124 638 1195 candelam
652 1149 826 1220 apponere
843 1123 949 1193 valvis

94 1230 159 1298 Nou
172 1232 298 1303 dubitat
312 1262 320 1303 ε
334 1260 397 1305 nee
410 1210 622 1322 condemnas,
637 1249 696 1303 aut
709 1234 889 1330 despicias,
906 1235 997 1329 quod

93 1341 143 1409 llis
153 1344 267 1436 opibus
284 1370 469 1439 numquam
484 1370 560 1415 cara
574 1358 625 1415 est
638 1368 774 1414 annona
787 1346 919 1416 veneni.
1094 1378 1145 1412 m

93 1450 168 1542 Ergo
181 1452 310 1521 occulta
325 1469 433 1548 teges,
448 1468 486 1523 ut
500 1454 593 1523 curia
607 1454 729 1521 Martis
742 1453 893 1522 Athenis.

486 1598 730 1649 tuventnls.

132 1696 159 1762 O
172 1698 344 1792 Corydon,
360 1695 537 1794 Corydon!
555 1712 725 1767 secretum
740 1696 853 1765 divitis
867 1694 974 1765 ullum

92 1804 159 1871 Esse
172 1807 290 1899 putas?
303 1809 389 1877 servi
404 1822 442 1876 ut
458 1821 607 1891 taceant,
621 1806 776 1899 jumenta
790 1804 986 1899 loquuntur,

91 1912 127 1981 Et
142 1918 245 2005 canis,
262 1934 297 1987 et
311 1934 440 2013 posteS,
461 1933 494 1987 et
512 1942 680 1987 marmora
691 1942 700 1986 τ
711 1915 829 1985 claude
844 1914 1024 2001 fenestras,

91 2021 160 2091 Vela
176 2040 287 2121 tegant
304 2028 419 2114 rimae,
432 2026 538 2121 junge
555 2026 655 2112 ostia,
671 2025 780 2095 tollito
793 2025 908 2093 lurnen
1096 2038 1145 2091 105

90 2132 247 2223 Emedi0;
268 2137 413 2207 clamant
429 2164 546 2206 omncs
564 2163 571 2205 :
589 2161 696 2231 prope
714 2160 814 2203 nemo
831 2135 1022 2220 recumbat3

87 2242 176 2329 Quod
193 2262 302 2315 tamen
321 2248 363 2315 ad
383 2263 518 2317 cantum
535 2246 612 2341 galli
630 2246 712 2315 lacit
728 2245 783 2313 ille
798 2244 958 2330 secundi,

88 2425 130 2497 qui
142 2446 215 2485 meas
230 2428 309 2486 vices
330 2442 419 2508 gerat.
439 2434 542 2500 Atto,
564 2450 583 2487 o
600 2429 760 2498 Jovenolis,
781 2428 863 2497 vide,
885 2444 999 2501 queso,
1018 2442 1056 2479 ne
1070 2442 1150 2480 meas

87 2519 233 2593 ejusmodi,
248 2542 319 2597 quas
328 2524 383 2579 tibi
396 2525 450 2580 soli
462 2524 577 2599 aperio,
590 2522 722 2597 querelas
732 2520 866 2594 cuiqnam
878 2518 1002 2593 prodas:
1015 2516 1078 2573 illas
1088 2516 1149 2581 imo

85 2608 110 2665 in
124 2624 236 2685 pectore
250 2614 354 2671 inlisas
370 2614 471 2671 tacitus
482 2634 574 2671 sessa.
592 2614 734 2688 Capitalcs
748 2612 826 2669 enim
841 2621 871 2668 et
883 2608 1147 2685 pestifcnsgemot

85 2700 235 2761 iuimicitias
249 2706 298 2762 isti
309 2708 409 2763 molles
418 2717 448 2761 et
461 2705 618 2762 effeminati
627 2702 764 2778 petroni,
775 2700 827 2775 qni
839 2710 935 2757 eutem
946 2686 1146 2777 pumicelevi·

87 2806 155 2867 gmt,
167 2796 226 2865 Qui
239 2797 312 2853 nihi
320 2798 407 2871 paulo
421 2808 488 2855 ante
497 2814 600 2853 arcana
609 2813 659 2851 sua
669 2792 857 2850 crederenon
866 2792 1061 2860 dubitaverat,
1070 2790 1148 2847 idem

84 2885 177 2943 oborn
192 2888 248 2945 levi
271 2888 432 2963 suspicione
449 2886 597 2956 restsmbit;
617 2883 687 2942 odio
703 2884 801 2941 inm
815 2882 1053 2952 inflammabitur3
1066 2880 1151 2957 qussi

82 2989 212 3037 secretum
217 2979 335 3035 mibiab
340 2980 403 3055 ipso
409 2980 593 3039 commissum
600 2976 1029 3053 evulgaverim,stringetinme
1035 2976 1148 3032 terrum

84 3066 224 3143 improbus
229 3114 240 3141 ,
251 3084 340 3146 ceput
349 3073 453 3129 bocum
462 3072 657 3139 comminuet,
665 3071 763 3146 ignem
771 3058 883 3128 loribus
891 3088 962 3127 meu
970 3069 1075 3126 donus
1082 3068 1148 3125 sub·

81 3158 161 3231 jicere
180 3182 241 3221 non
265 3162 420 3221 dubitabit.
436 3166 538 3237 Neque
555 3182 627 3221 vero
648 3164 722 3219 nibil
743 3164 843 3221 medes
858 3161 980 3237 periculi
1000 3160 1038 3217 ab
1057 3178 1147 3217 oraro

84 3252 241 3313 imminere:
255 3258 345 3329 quum
359 3256 465 3330 opibus
477 3252 593 3324 affluat,
605 3266 739 3330 suppetet
750 3256 794 3311 illi
802 3254 900 3324 facile,
910 3252 989 3311 unde
1002 3242 1149 3309 venenuin

83 3355 171 3417 paret,
188 3365 347 3420 necemque
362 3346 434 3403 milri
450 3346 595 3404 moliatur.
610 3347 779 3404 Memineris
793 3345 885 3422 igitur
900 3347 961 3401 haee
972 3354 1071 3401 nostra
1086 3360 1147 3397 non

82 3436 181 3493 minori
195 3438 290 3493 celare
303 3435 475 3511 lide,'quam
491 3438 674 3513 Areopagitas
692 3456 743 3493 sua
758 3436 1014 3494 senatusconsulta.

119 3548 181 3587 ros.
202 3548 268 3585 sor.
289 3530 356 3597 Nae,
368 3541 401 3586 tn
417 3531 507 3585 bomo
521 3530 645 3599 rustice,
659 3529 781 3604 simplex
795 3548 829 3585 no
844 3529 940 3585 bonos
955 3528 998 3582 esl
1015 3526 1154 3595 Novate,

79 3624 126 3695 qui
137 3625 237 3681 credes
248 3624 345 3681 amoni
364 3624 475 3697 aliquid
488 3624 519 3679 in
534 3624 658 3679 divitum
672 3624 808 3680 domibus
824 3640 885 3679 esse
898 3640 992 3697 posse.
1009 3622 1148 3689 thmvis

80 3717 215 3791 mancipia
225 3715 344 3785 silem,
353 3714 483 3788 jumenta
492 3734 594 3771 vocem
606 3714 740 3779 mittent,
753 3726 782 3769 et
791 3733 890 3784 mnes,
902 3726 932 3771 et
940 3714 1035 3787 janue
1044 3754 1052 3783 ,
1058 3726 1090 3777 ,et
1100 3732 1150 3789 ps-

80 3808 159 3867 rictes
181 3810 255 3867 muti
272 3810 440 3883 loquentur.
457 3810 608 3865 Fenestras
628 3806 766 3875 occlude,
787 3806 874 3863 rimo
889 3826 990 3864 omnes
1009 3805 1150 3882 oppositis

79 3900 146 3955 selis
158 3900 278 3968 obturo,
291 3902 388 3955 valvas
402 3899 522 3969 obsera,
544 3900 643 3955 lumen
657 3918 794 3957 remove:
805 3899 1012 3957 omnesstatim
1026 3900 1150 3955 clamant

80 4002 106 4045 ct
124 3992 317 4059 invehamur,
336 3991 427 4049 immo
441 3991 560 4049 arbitris
582 3992 663 4049 loeus
682 4002 779 4061 escen
801 3990 990 4049 nibilominus
1004 3989 1150 4065 quidquid

78 4082 224 4158 improbus
236 4085 408 4161 intempeste
421 4096 525 4153 nocte,
539 4094 691 4159 snteqnsm
705 4087 798 4161 gallus
807 4084 913 4143 iterum
926 4084 1052 4153 oceinat,
1066 4081 1152 4152 lacit,

79 4174 134 4233 boo
146 4176 273 4250 vicinos,
287 4176 455 4253 prmsqmm
472 4176 616 4247 illuxerit,
632 4196 726 4253 caupo
741 4178 862 4237 resciet:
875 4178 952 4236 idem
968 4176 1066 4233 audiet
1078 4192 1147 4233 ner·
