2784 4917
278 411 343 475 316
550 411 591 474 D.
613 407 753 474 tutttt
774 403 1059 471 lUVENALIS

277 526 357 595 Non
375 525 486 617 potuit
502 547 634 592 servare
647 547 744 592 suas:
761 545 842 616 ergo
856 519 969 588 omnia
982 515 1106 602 Florae,
1348 569 1349 586 2

276 635 322 702 Et
336 631 467 703 Cereris
480 629 577 716 licet,
594 647 629 700 et
639 628 779 724 Cybeles
793 627 896 696 auloea
909 623 1100 721 relinquas:

276 743 385 810 Tanto
403 741 547 833 majores
562 739 711 808 bumana
726 737 864 834 negotiu
882 732 967 806 ludi!
1343 707 1349 742 l

1342 731 1349 775 t

303 852 379 920 ‘An
393 850 498 944 magis
513 847 685 919 oblectant
700 847 850 916 animum
866 845 992 940 jactata
1008 861 1150 939 petauro
1276 865 1311 912 att
1342 818 1349 885 l

147 983 150 990 ·
275 963 446 1055 Corpora,
461 959 587 1054 quippe
605 956 690 1028 solet
704 971 834 1028 rectum
848 953 1052 1025 descendere
1068 953 1201 1040 funem,

275 1067 387 1156 Quam
407 1081 462 1153 tu,
481 1066 626 1160 Corycia
641 1087 777 1158 semper
794 1065 852 1158 qui
871 1087 988 1160 puppe
1005 1065 1149 1134 moraris

275 1179 386 1272 Atque
399 1177 546 1264 habitas,
563 1181 656 1250 Coro
668 1199 803 1269 semper
814 1173 986 1245 tollendus
1002 1191 1037 1245 et
1050 1178 1191 1262 Austro,

275 1284 433 1354 Perditus
446 1309 487 1353 ac
500 1283 575 1354 vilis
589 1284 676 1354 sacci
691 1299 860 1354 mercator
872 1282 1010 1372 olentis;

275 1395 346 1485 Qui
362 1394 488 1489 gaudes
504 1395 632 1489 pingue
647 1395 794 1489 antiquae
809 1393 850 1463 de
865 1391 964 1464 litore
978 1398 1092 1465 Cretae
1285 1425 1316 1474 ²7⁰

276 1507 432 1592 Passum,
450 1520 486 1574 et
502 1503 693 1598 municipes
708 1505 727 1572 l
730 1504 803 1574 ovis
815 1502 985 1574 advexisse
1001 1503 1161 1600 lagenas?

275 1613 342 1684 Hic
359 1629 471 1684 tamen
486 1614 627 1708 ancipiti
642 1613 751 1709 figens
764 1613 905 1710 vestigia
921 1611 1053 1708 plenta,

207 1742 209 1747 '
274 1724 414 1796 Victum
427 1724 484 1795 illa
496 1724 653 1795 mercede
668 1739 781 1820 parat,
801 1725 1024 1818 brumamque
1037 1722 1228 1816 famemque

276 1832 339 1904 Illa
356 1849 444 1904 reste
460 1847 575 1920 cavet;
591 1847 631 1902 tu
644 1847 785 1927 propter
798 1830 888 1904 mille
900 1830 1024 1902 talenta

276 1947 322 2015 Et
335 1959 471 2015 centum
487 1942 582 2014 villas
597 1943 798 2014 temerarius
815 1968 823 2010 :
841 1942 974 2036 adspice
987 1955 1123 2035 portus,
1286 1959 1315 2018 ηε

275 2058 321 2126 Et
338 2053 475 2149 plenum
491 2053 622 2150 magnis
638 2053 793 2122 trabibus
806 2077 918 2139 mare;
937 2049 1013 2145 plus
1030 2051 1206 2120 hominum
1220 2067 1262 2120 est
1271 2055 1315 2144 jau

278 2327 331 2403 qni
342 2329 381 2384 ab
392 2327 495 2386 iisdem
506 2328 668 2387 latronibus
678 2332 757 2407 galea
769 2347 887 2405 quoque
896 2347 945 2385 sua
957 2325 1096 2402 spoliatus
1105 2336 1164 2398 est,
1178 2344 1210 2382 ac
1218 2325 1315 2397 suasiptt

277 2439 324 2478 res
342 2419 459 2478 amisit:
475 2421 499 2478 si
519 2422 748 2498 qnis„inquam,
768 2419 1081 2479 erumnasavaroruur
1096 2430 1222 2495 spectet,
1241 2417 1316 2474 seille

277 2515 456 2589 voluptatem
469 2531 508 2572 ex
522 2535 558 2572 eo
568 2517 732 2592 spectaculo
746 2515 888 2590 percipiet
901 2512 1042 2587 majorem
1052 2511 1119 2583 illa,
1130 2531 1195 2588 quse
1208 2509 1317 2585 colligitur

277 2622 295 2660 e
314 2606 499 2679 spectaculis,
517 2607 578 2664 sive
592 2607 728 2680 scenicis,
749 2606 810 2664 sive
825 2605 1018 2676 circensibus,
1036 2625 1053 2661 a
1068 2615 1196 2680 pretore
1209 2605 1250 2661 rel
1261 2601 1316 2657 diu

277 2695 351 2753 simo
363 2697 458 2756 editis.
475 2701 586 2758 Omnes
601 2718 673 2776 ergo
687 2699 774 2757 ludos
786 2699 952 2774 relinquere
968 2697 1079 2775 poteris
1094 2699 1206 2768 Flore,
1219 2693 1315 2758 Cereio

278 2787 417 2864 Cybelen
433 2802 514 2848 tanto
534 2793 667 2850 humma
682 2791 904 2868 occupationes,
921 2791 1009 2848 ludus
1028 2801 1058 2847 et
1075 2790 1261 2866 spectaculum
1273 2797 1315 2842 sint

277 2879 397 2955 ‘reliquis
407 2883 576 2956 spectaculis
584 2883 757 2958 jucundius!

317 2971 385 3032 sos.
405 2978 444 3032 Et
457 2995 530 3034 vero
545 2997 583 3032 an
602 2979 754 3053 voluptate
771 2977 924 3053 liquidior-i
941 2978 1091 3054 perfundit
1105 2977 1233 3034 animum
1250 2990 1314 3031 rnrnn

275 3068 477 3141 funambulus,
491 3071 568 3147 agile
579 3089 686 3148 corpus
700 3091 754 3149 per
768 3083 923 3148 petaururn
937 3071 1151 3142 musmitteus,
1170 3081 1219 3128 ant
1234 3068 1315 3144 quipe

276 3161 375 3218 funem
382 3173 496 3220 rectum
504 3163 637 3235 devolet,
653 3184 741 3239 qnam
754 3176 804 3236 tu,
815 3164 916 3226 infelix
928 3181 1024 3234 aram,
1034 3163 1086 3240 qui
1094 3173 1236 3238 perpetuo
1243 3155 1316 3216 innttt'
1346 3207 1347 3221 t

278 3254 425 3324 Cretensi,
441 3267 578 3330 tauquam
588 3257 621 3313 in
634 3257 749 3315 addicta
760 3257 815 3314 tibi
826 3258 926 3326 domu,
942 3256 1076 3328 versaris,
1086 3257 1185 3314 ventis
1194 3265 1222 3312 et
1232 3251 1316 3310 uenire

277 3345 332 3421 giis
346 3365 461 3422 semper
473 3347 619 3405 obnoxius
628 3348 883 3425 miserrimosque,
898 3361 933 3406 ut
941 3349 1082 3424 quasdam
1093 3347 1197 3405 odoris
1210 3339 1317 3424 gratior*¹³

276 3455 416 3496 mercese
433 3437 548 3509 Sicilia,
567 3449 618 3496 ant
634 3459 651 3498 e
669 3441 755 3498 Creta
771 3442 917 3518 liquorem
935 3461 971 3498 ex
985 3437 1050 3498 uvis
1066 3440 1104 3496 ad
1118 3441 1209 3498 solem
1222 3433 1318 3495 arefacti

276 3550 457 3606 expressum,
480 3541 510 3589 et
528 3532 630 3590 vinum
642 3530 675 3588 in
688 3533 795 3591 eodem
815 3533 898 3610 qnasi
913 3533 1077 3609 municipio
1098 3549 1160 3608 quo
1174 3531 1277 3608 Jupiter
1288 3545 1319 3582 rt·

275 3634 351 3694 turn,
367 3626 491 3682 Romam
507 3622 651 3680 devebasl
669 3625 723 3681 llle
737 3635 835 3683 tamen
850 3625 1053 3696 funambulus,
1069 3625 1124 3700 qui
1138 3643 1193 3700 per
1207 3635 1318 3682 crenus
1346 3599 1347 3642 t

275 3715 374 3774 funem
390 3716 510 3792 ancipiti
524 3733 557 3771 ac
580 3715 695 3772 lubrico
709 3717 820 3774 incedit
838 3735 954 3794 gressu,
979 3717 1034 3772 bac
1050 3729 1113 3774 arte
1129 3717 1218 3774 νίῐιιι
1231 3717 1318 3775 tolentt

275 3809 329 3865 bac
341 3807 434 3885 frigus
446 3819 475 3865 et
485 3809 589 3864 famem
603 3807 724 3883 depellit
736 3830 743 3864 :
755 3818 788 3864 tu
799 3807 886 3864 tantis
895 3807 1033 3882 periculis
1044 3826 1077 3865 ac
1086 3807 1234 3866 laboribus
1243 3817 1318 3862 emen

276 3909 364 3976 capnt
378 3898 496 3972 objicis,
510 3910 544 3956 ut
558 3899 637 3956 mille
645 3918 796 3976 compares
808 3901 933 3971 talenta,
944 3910 977 3956 ut
987 3909 1106 3958 centnm
1114 3901 1198 3958 villas
1210 3911 1315 3956 numeres

277 3992 479 4066 Contemplare
489 4002 612 4066 portus,
628 4003 658 4048 et
668 3993 808 4050 refertum
822 3993 981 4066 majoribus
995 3992 1119 4070 navigiis
1132 4011 1236 4068 aequor,
1249 3991 1313 4064 ptus

274 4088 335 4162 jam
347 4085 461 4144 videbis
476 4084 610 4142 homines
626 4084 658 4140 iu
668 4086 758 4158 mari,
770 4105 857 4162 quam
871 4087 902 4142 in
917 4087 979 4162 ipsa
992 4095 1081 4144 terra.
1099 4084 1312 4143 Convenimus

277 4199 397 4238 merosae
406 4179 518 4249 classes,
528 4176 706 4253 ubicumque
714 4179 789 4236 lucri
797 4179 922 4238 faciendi
929 4199 992 4258 spes
1002 4178 1127 4252 affulsit,
1138 4183 1309 4255 nequeuntis
