2784 4917
275 422 318 501 54
549 422 588 483 n.
618 418 759 483 tumr
786 416 1075 482 Juvnuacrs

275 540 443 607 Occursus
457 536 652 621 hominum,
673 533 769 627 cujus
787 530 970 624 prudentia
987 546 1171 616 monstrat,

255 710 260 717 ,
274 652 430 720 Summos
443 673 541 744 posse
555 649 646 717 viros
660 662 695 715 et
707 668 831 739 magna
846 642 996 737 exempla
1012 642 1153 714 daturos

274 760 466 829 Vervecum
486 760 521 827 in
538 758 647 852 patria
662 780 840 850 crassoque
855 756 917 824 sub
930 778 1007 824 aere
1018 757 1122 824 nasci.
1310 768 1339 819 aa

274 868 421 938 Ridebat
437 894 551 954 curas,
569 891 718 937 necnon
736 881 772 935 et
790 866 913 961 gaudia
927 865 1039 960 vulgi,

274 980 452 1049 Interdum
467 994 501 1048 et
518 978 697 1073 lacrymas,
715 1000 820 1070 quum
838 981 997 1045 Fortunae
1013 978 1085 1070 ipse
1101 976 1227 1044 minaci

274 1080 638 1182 Mandarctlaqueum,
654 1087 869 1179 mediumque
885 1084 1076 1155 ostenderet
1090 1110 1249 1180 unguem.

275 1202 367 1291 Ergo
381 1200 590 1291 supervacua
603 1196 692 1281 haec,
709 1210 768 1262 aut
783 1194 975 1287 perniciosa
990 1209 1167 1288 petuntur,

275 1309 417 1401 Propter
430 1331 504 1399 quae
519 1305 569 1375 fas
583 1319 633 1374 est
648 1328 758 1397 genua
774 1305 927 1373 incerare
940 1304 1093 1373 deorum.
1311 1314 1338 1365 ⁵5

323 1415 495 1503 Quosdam
511 1414 697 1509 praecipitat
715 1414 863 1507 subjecta
879 1415 1032 1509 potentia
1045 1438 1176 1508 magnae
1235 1444 1238 1447 ⁴

274 1525 432 1613 Invidioe3
449 1526 572 1619 mergit
589 1524 690 1619 longa
704 1539 806 1618 atque
822 1525 965 1619 insignis
978 1523 1150 1594 honorum

274 1635 415 1727 Pagina,
428 1633 636 1704 descendunt
646 1648 777 1719 statuae,
792 1650 980 1729 restemque
995 1648 1200 1726 sequuntur:

275 1746 368 1838 Ipsas
383 1744 505 1814 deinde
524 1758 613 1813 rotas
629 1745 783 1838 bigarum
800 1746 945 1838 impacta
961 1743 1087 1812 securis

275 1854 399 1940 Credit,
416 1870 449 1923 et
466 1854 642 1923 immeritis
658 1853 864 1948 franguntur
878 1878 978 1923 crura
994 1850 1147 1922 caballis:
1312 1868 1341 1915 oo

274 1965 349 2036 Jam
367 1964 513 2036 stridunt
528 1964 636 2058 ignes3
652 1964 723 2057 jam
741 1962 877 2033 follibus
892 1979 991 2057 atque
1009 1962 1148 2032 caminis

275 2072 381 2143 Ardet
396 2076 570 2145 adoratum
586 2074 713 2170 populo
729 2089 847 2170 caput,
864 2091 898 2144 et
914 2090 1029 2168 crepat
1045 2076 1163 2167 ingens

275 2184 437 2276 Sejanus3
457 2184 582 2253 deinde
598 2208 640 2253 ex
654 2179 741 2255 facie
753 2199 826 2254 toto
840 2186 923 2254 orbe
935 2182 1082 2255 secunda

275 2293 378 2362 Fiunt
391 2292 535 2380 urceoli,
551 2292 678 2388 pelves,
694 2310 841 2389 sartago,
857 2295 996 2390 patellae.

275 2490 461 2571 occurrebat,
478 2498 594 2556 ridendi
614 2517 712 2555 ansam
727 2499 797 2557 inde
817 2502 965 2575 captabat,
984 2504 1075 2559 bomo
1090 2500 1339 2578 prudentissimus,

275 2590 327 2665 qui
343 2591 519 2649 documento
534 2590 577 2648 est
596 2592 846 2667 praestantissimos
864 2590 959 2663 viros,
980 2606 1009 2651 et
1023 2612 1192 2673 magnarum
1205 2594 1340 2650 virtutum

275 2686 405 2759 exempla
418 2684 588 2759 prodituros
596 2702 700 2759 ,posse
709 2685 741 2741 in
750 2686 874 2743 barbara
888 2698 916 2743 et
929 2689 1040 2744 inculta
1048 2688 1182 2763 regione,
1192 2697 1339 2743 vervecum

275 2774 369 2849 patria
376 2816 387 2843 ,
401 2774 453 2831 ubi
466 2782 516 2832 aet
527 2776 641 2852 pinguis
652 2776 799 2852 hebesque
811 2778 863 2846 sit,
875 2777 962 2833 nasci.
976 2780 1147 2854 Exeipiebat
1155 2779 1223 2837 ,risu
1237 2784 1341 2833 morta·

273 2866 347 2923 lium
359 2884 442 2923 curas
451 2864 480 2923 c't
493 2866 633 2940 lautitiam
644 2870 800 2943 aliquando
814 2869 899 2925 etiam
912 2868 1012 2927 fletum
1025 2889 1058 2927 ac
1070 2888 1246 2940 moerorem3
1257 2880 1339 2941 quum

275 2960 337 3035 ipse
348 2958 466 3015 iuterim
476 2960 568 3015 minas
582 2958 707 3015 fortunae
720 2960 893 3035 despiciens,
912 2962 1001 3037 ipsam
1012 2962 1056 3020 ire
1067 2964 1172 3018 malam
1186 2962 1220 3017 in
1231 2972 1339 3016 crucem

272 3051 406 3125 juberet,
415 3050 601 3126 mediumque
615 3050 739 3127 digitum
749 3054 930 3110 contumelia
942 3072 1038 3110 caussa
1048 3054 1248 3129 protenderet.
1254 3047 1342 3124 Igitur

274 3143 471 3214 inanimum,
491 3144 538 3199 vel
558 3142 700 3213 exitialia,
722 3164 786 3220 quae
805 3147 1010 3221 concipiuntur
1030 3166 1047 3203 a
1067 3146 1239 3204 mortalibus
1258 3150 1339 3203 vota?

276 3252 403 3314 quorum
417 3247 451 3291 ut
466 3248 614 3309 compotes
627 3235 712 3308 fiant,
730 3237 818 3295 licere
836 3239 890 3295 sibi
911 3240 1091 3297 arbitrantur
1102 3258 1198 3297 cereas
1217 3232 1341 3295 candelas

275 3342 341 3388 ante
355 3330 506 3386 simulacra
519 3329 663 3403 Superum
680 3330 713 3385 ia
729 3331 844 3405 templis
857 3332 1023 3389 accendere.
1288 3329 1296 3345 ⁸

272 3402 277 3419 l
315 3420 365 3479 56.
385 3420 461 3478 Sunt
475 3418 580 3495 quibus
595 3432 637 3477 est
653 3421 742 3477 exitio
757 3422 848 3479 nimia
863 3425 1007 3497 potentia,
1022 3442 1132 3499 magua
1148 3423 1285 3480 videlicet
1295 3417 1339 3471 in·

275 3514 361 3571 vidiae
382 3512 519 3571 obnoxia.
535 3513 638 3571 Perdit
652 3514 730 3589 ipsos
753 3516 840 3592 longa
854 3518 1002 3573 bonorum
1019 3517 1106 3591 series
1123 3535 1156 3572 ac
1172 3515 1336 3571 titulorum:

276 3607 469 3665 deturbantur
483 3626 498 3664 e
513 3626 564 3663 sua
577 3606 639 3663 basi
652 3619 766 3678 statua,
782 3610 900 3666 funibus
914 3611 1100 3683 dejiciuntur,
1113 3630 1147 3667 ac
1160 3630 1214 3685 per
1226 3612 1340 3665 hamum

276 3712 441 3775 raptantur3
451 3697 590 3758 curruum
600 3699 818 3777 triumphalium
830 3714 902 3759 rota
912 3704 1152 3759 comminuuntur
1159 3699 1288 3776 impactis
1297 3712 1338 3750 se-

277 3792 410 3860 curibus,
422 3804 452 3848 et
463 3792 682 3851 immerentibus
693 3794 775 3867 equis
785 3812 870 3851 crura
878 3796 1100 3872 suffringuntur.
1113 3796 1221 3852 Audin'
1230 3805 1264 3850 ut
1273 3785 1341 3864 ignis

277 3882 418 3957 crepitet?
424 3893 458 3938 ut
468 3884 500 3938 in
508 3884 655 3941 fornacem
664 3884 829 3959 conjectum
840 3906 959 3945 aureum
970 3889 1044 3945 illud
1054 3889 1151 3962 sejani
1160 3898 1254 3963 caput,
1264 3875 1337 3957 qaod

206 3972 215 3996 ‘
276 3976 397 4051 supplex
411 3976 500 4031 modo
515 3978 664 4050 plebecula
675 3980 878 4052 venerabatur,
891 3982 1009 4038 follibus
1021 3980 1164 4037 flammam
1178 3974 1337 4036 acuentibus

273 4067 428 4147 liquefiat?
440 4078 475 4125 ut
486 4067 587 4144 ingens
604 4069 666 4143 ipsa
681 4071 778 4144 Sejani
794 4083 885 4130 statua
901 4072 1059 4150 deflagrat?
1068 4086 1102 4130 ut
1117 4074 1245 4143 evultn,
1257 4078 1334 4143 quem

274 4164 310 4221 ab
324 4156 513 4241 imperatorio
529 4163 688 4219 secuudum
703 4164 783 4220 orbis
801 4166 955 4237 adorabat,
972 4167 1084 4223 urceoli
1097 4164 1267 4231 conflentur,
1278 4155 1335 4234 pel-
