2784 4917
256 392 318 458 252
524 392 567 453 D.
589 388 728 452 1th
749 387 1031 453 IUVENALIS

252 506 462 600 Chrysippus
474 527 545 572 non
559 502 649 570 dicet
663 500 770 584 idem,
784 525 850 570 nec
865 501 945 569 mite
960 500 1104 570 Thaletis

252 610 617 708 Ingenium,dulcique
631 634 729 678 senex
743 610 875 678 vicinus
886 613 1061 704 Hymetto,
1250 625 1297 676 185

251 723 320 810 Qui
337 736 466 816 partem
484 734 628 814 accepte
645 743 731 788 saeva
745 719 833 786 inter
846 716 957 788 vincla
973 720 1090 788 cicutae

251 831 449 900 Accusatori
461 827 564 900 nollet
576 828 664 897 dare.
678 825 827 896 Plurima
838 827 918 898 felix

251 937 416 1008 Paulatim
434 937 529 1023 vitia,
544 950 645 1030 atque
655 959 785 1005 errores
800 938 892 1005 exuit
907 961 1041 1022 omnes,

252 1047 362 1117 Prima
380 1047 504 1116 docens
521 1060 650 1115 rectum
669 1044 864 1138 Sapientia:
883 1046 1011 1140 quippe
1030 1044 1148 1114 minuti

250 1160 389 1251 Semper
402 1171 436 1225 et
448 1155 576 1224 infirmi
589 1169 639 1226 est
653 1157 756 1226 animi
770 1155 948 1250 exiguique
962 1157 1115 1251 voluptas
1241 1213 1242 1216 ,
1258 1186 1303 1238 19⁰

250 1263 343 1334 Ultio
356 1290 365 1333 ε
381 1265 545 1335 continuo
558 1266 608 1336 sic
624 1263 761 1360 collige,
774 1265 868 1359 quod
879 1266 1026 1335 vindicta

248 1366 359 1446 Neruo
376 1375 483 1469 magis
498 1374 638 1470 gaudet,
652 1399 754 1469 quam
770 1373 906 1444 femina.
922 1379 994 1447 Cur
1006 1392 1117 1446 tamen
1132 1377 1193 1445 hos
1206 1391 1238 1445 tu

250 1485 403 1554 Evasisse
416 1500 531 1578 putes,
544 1509 629 1579 quos
641 1484 707 1553 diri
719 1485 851 1553 conscio
866 1485 945 1554 lacti

250 1597 355 1664 Mens
367 1596 469 1665 hehet
481 1597 657 1681 attonitos,
672 1611 707 1665 et
724 1595 826 1666 surdo
840 1597 976 1666 verbere
990 1596 1105 1682 caedit,

251 1704 434 1776 Occultum
449 1705 618 1800 quatiente
631 1707 744 1774 animo
759 1721 886 1775 tortore
900 1703 1088 1798 flagellum?
1265 1717 1306 1785 ¹9⁵

250 1817 354 1886 Poenu
371 1831 482 1885 autem
500 1816 696 1900 vehemens,
716 1841 756 1885 ac
772 1813 878 1884 multo
894 1817 1014 1885 saevior
1032 1813 1112 1896 illis,

251 1923 345 2013 Ques
363 1940 397 1994 et
416 1925 580 1996 cedicius
597 1926 708 2020 gravis
722 1925 867 2010 invenit,
887 1940 920 1994 et
934 1925 1223 2014 Rhadamanthus,

254 2035 365 2104 Nocte
380 2033 500 2128 dieque
512 2057 610 2102 suum
625 2046 753 2126 gestare
772 2031 808 2100 in
821 2047 957 2126 pectore
971 2048 1099 2103 testem.

298 2147 465 2236 Spartano
478 2140 612 2210 cuidam
629 2142 808 2237 respondit
814 2142 935 2238 Pythia
950 2158 1063 2230 vates,

253 2252 352 2325 llnud
368 2252 572 2348 impunitum
591 2251 764 2347 quondam
783 2251 872 2342 lore,
891 2252 982 2348 quod
1001 2252 1170 2322 dubitaret
1267 2287 1310 2323 ιω

253 2459 320 2516 Non
332 2477 365 2516 ee
380 2475 463 2516 mene
473 2457 630 2536 Chrysippi
642 2469 672 2516 et
684 2459 793 2532 ontio,
814 2477 874 2517 non
890 2460 1017 2518 Thaletis
1031 2461 1159 2518 hominis
1169 2458 1311 2528 mitissime

252 2571 348 2628 utque
357 2552 433 2611 senis
442 2551 520 2610 illins
529 2569 624 2629 prope
630 2553 804 2610 melliferum
815 2565 945 2612 montem
954 2555 1122 2629 Hymettum
1132 2554 1206 2624 nati,
1220 2567 1311 2625 nempe

252 2641 394 2714 Socratis,
407 2644 461 2722 qul
470 2645 628 2704 eccmtorl
635 2664 689 2704 eno
700 2647 870 2722 perticulam
882 2645 986 2704 veneni
995 2688 1003 2715 ,
1019 2665 1078 2721 qno
1092 2646 1124 2701 in
1135 2645 1202 2702 diro
1211 2661 1313 2702 carcere

253 2733 410 2792 exstimtm
423 2747 484 2806 est,
495 2737 597 2814 lergiri
605 2738 752 2796 uoluisset.
770 2741 822 2796 Est
831 2740 887 2796 hoc
900 2737 1089 2814 philosophice
1101 2738 1209 2796 seilicet
1217 2731 1314 2794 benefi-

253 2825 330 2882 cium
335 2845 421 2901 ,que
431 2846 489 2883 une
500 2830 547 2886 vel
557 2830 681 2888 muime
691 2831 850 2888 eonlertnd
859 2830 939 2888 beate
948 2828 1123 2900 vivendum,
1136 2839 1171 2885 ut
1181 2849 1245 2906 qne
1258 2835 1315 2884 sunt
1369 2857 1370 2880 ι

253 2929 332 2976 recte
345 2916 449 2974 docent
461 2918 608 2990 homines,
622 2931 699 2980 etex
716 2923 834 2980 illorum
845 2922 947 2980 animis
960 2923 1099 2980 vitiorum
1114 2922 1217 2980 sensim
1235 2932 1262 2980 et
1275 2937 1314 2976 er·
1369 2939 1370 2944 ¹

253 3027 356 3068 rornm
368 3009 501 3068 omnium
518 3009 606 3070 hhns
620 3015 758 3090 extirpet.
773 3019 816 3072 Ae
828 3033 895 3072 sene
906 3033 993 3090 qmm
1008 3013 1188 3070 imbecillum
1199 3014 1315 3070 animum
1369 3001 1370 3010 ¹

252 3102 426 3178 etpusillum
432 3115 656 3180 tempererqmt
664 3107 797 3182 voluptas
803 3107 933 3177 ultroms,
940 3109 986 3164 vel
996 3125 1031 3162 ex
1041 3105 1168 3162 eosecile
1175 3075 1370 3181 'intelliges

255 3195 335 3274 quod
346 3193 513 3270 tumet·
522 3197 674 3272 voluptate
683 3199 819 3256 muheres
828 3199 1006 3274 potissimum
1020 3199 1173 3255 ducentur.
1186 3199 1264 3255 Ctve
1278 3207 1315 3250 ιι·
1369 3259 1370 3262 ¹

254 3309 322 3348 men
330 3300 413 3366 putes
421 3285 585 3364 flegitiosis
576 3307 696 3364 impune
707 3308 782 3348 esse:
792 3290 982 3348 domesticum
991 3288 1034 3346 illi
1043 3300 1188 3346 tortorem
1201 3290 1315 3352 hebent,

255 3404 271 3443 e
286 3402 347 3460 quo
357 3383 435 3441 intus
450 3383 622 3458 plectentur,
632 3399 740 3458 nempe
748 3393 875 3441 mentem
890 3401 968 3440 reem
981 3392 1010 3440 et
1024 3381 1139 3438 sceleris
1153 3378 1317 3438 conscientie

255 3477 412 3552 trepidem,
425 3493 490 3552 que
501 3491 616 3550 semper
627 3486 656 3531 et
667 3475 806 3534 indefesse
821 3476 916 3532 surdis
931 3473 1034 3551 flagelli
1050 3472 1223 3529 verberibus
1237 3470 1317 3530 lmin-

255 3579 302 3626 tos
313 3569 407 3644 quatit
418 3581 448 3626 et
457 3567 551 3625 cedit.
567 3567 670 3636 Nulla,
684 3567 758 3624 mihi
774 3568 875 3636 crede,
890 3585 975 3642 poene
984 3564 1103 3642 gravior
1112 3565 1149 3619 ab
1161 3565 1255 3620 atroci
1266 3564 1317 3619 (ἰτ-
1369 3641 1370 3644 ¹

255 3659 346 3732 ditio,
361 3664 408 3719 vel
424 3680 528 3720 severo
543 3659 762 3718 Rhedemantho
776 3659 938 3736 excogitate
947 3675 1077 3732 nuqnm
1091 3657 1161 3727 luit,
1179 3675 1265 3731 quem
1275 3672 1317 3730 ge-

256 3769 322 3808 rere
338 3752 370 3807 in
385 3753 452 3809 sinu
465 3773 519 3812 suo
532 3765 634 3812 testem
646 3752 692 3812 sni
711 3750 841 3822 sceleris,
864 3749 916 3826 qui
931 3749 983 3808 diu
995 3760 1142 3824 noctuque
1155 3749 1229 3806 illud
1243 3745 1318 3806 nohis

257 3841 377 3916 objiciet
391 3843 581 3920 intentetqne.

298 3953 364 4011 ¹99·
385 3933 617 3994 heedemonius
631 3938 750 4013 quidem
771 3935 916 4014 cogitthet
933 3932 1096 4009 depositum
1114 3933 1193 4008 apud
1211 3951 1242 3990 se
1255 3927 1316 3989 reti-

257 4045 346 4098 nere,
358 4043 392 4082 ec
405 4023 578 4100 interposito
591 4028 678 4085 etiem
687 4028 879 4105 jurejurando
893 4028 1054 4104 abnegare:
1070 4025 1227 4084 orectrlum
1236 4019 1315 4098 Apol·

256 4119 323 4176 linis
334 4115 495 4189 consuluit5
503 4119 636 4192 quesivit
648 4119 721 4196 quid
731 4131 861 4180 censeret
872 4119 1010 4191 Phoebus,
1022 4136 1059 4176 ιιι
1070 4116 1102 4174 id
1109 4115 1206 4176 lacere
1219 4127 1315 4192 appro-
